LIDL EXTRACT (TEXT)
==================
LIDL ANGEBOTE
============================================================
Quelle: lidl.pdf
Anzahl Angebote: 410
============================================================

1. Der GroÃŸe Bauer Joghurt
   Angebotspreis: 0.49 â‚¬
   UVP: 0.99 â‚¬
   Grundpreis: 1.96 â‚¬/kg
   Rabatt: -50.0%
   Marke: Bauer
   Aktionstyp: regular
   ğŸŸ¢ Confidence: high
   Seite: 5

2. Ben's Original Express Reis
   Angebotspreis: 1.29 â‚¬
   Statt: 2.29 â‚¬
   Grundpreis: 5.86 â‚¬/kg
   Rabatt: -43.0%
   Marke: Ben's Original
   Aktionstyp: regular
   ğŸŸ¢ Confidence: high
   Seite: 5

3. Barilla Pasta
   Angebotspreis: 0.99 â‚¬
   Grundpreis: 1.98 â‚¬/kg
   Rabatt: -50.0%
   Marke: Barilla
   Aktionstyp: regular
   ğŸŸ¢ Confidence: high
   Seite: 5

4. Billie Green Vegane Salami Versch. Sorten ğŸ“± LIDL PLUS
   Angebotspreis: 1.29 â‚¬
   Statt: 1.69 â‚¬
   Grundpreis: 17.07 â‚¬/kg
   Marke: Billie Green
   Aktionstyp: lidl_plus
   ğŸŸ¢ Confidence: high
   Seite: 5

5. Alesto Selection Studentenfutter Classic
   Angebotspreis: 1.69 â‚¬
   Statt: 2.29 â‚¬
   Grundpreis: 8.45 â‚¬/kg
   Rabatt: -26.0%
   Marke: Alesto
   Aktionstyp: regular
   ğŸŸ¢ Confidence: high
   Seite: 5

6. MÃ¼ller MÃ¼llermilch/Shake
   Angebotspreis: 0.69 â‚¬
   Statt: 1.49 â‚¬
   Grundpreis: 1.73 â‚¬/l
   Rabatt: -53.0%
   Marke: MÃ¼ller
   Aktionstyp: regular
   ğŸŸ¢ Confidence: high
   Seite: 3

7. Nordsee Knusper-Garnelen
   Angebotspreis: 3.49 â‚¬
   UVP: 4.59 â‚¬
   Grundpreis: 17.45 â‚¬/kg
   Rabatt: -23.0%
   Marke: Nordsee
   Aktionstyp: regular
   ğŸŸ¢ Confidence: high
   Seite: 3

8. Dr. Oetker Ristorante Pizza/Bistro Flammkuchen ElsÃ¤sser Art
   Angebotspreis: 3.99 â‚¬
   UVP: 6.79 â‚¬
   Rabatt: -41.0%
   Marke: Dr. Oetker
   Aktionstyp: regular
   ğŸŸ¢ Confidence: high
   Seite: 3

9. Ã–mÃ¼r HirtenkÃ¤se
   Angebotspreis: 6.49 â‚¬
   Grundpreis: 8.11 â‚¬/kg
   Marke: Ã–mÃ¼r
   Aktionstyp: regular
   ğŸŸ¢ Confidence: high
   Seite: 3

10. Alpenhain Back-KÃ¤se
   Angebotspreis: 1.99 â‚¬
   UVP: 3.49 â‚¬
   Grundpreis: 9.95 â‚¬/kg
   Rabatt: -42.0%
   Marke: Alpenhain
   Aktionstyp: regular
   ğŸŸ¢ Confidence: high
   Seite: 3

11. Mini Babybel Original
   Angebotspreis: 3.99 â‚¬
   Statt: 7.29 â‚¬
   Grundpreis: 13.30 â‚¬/kg
   Rabatt: -45.0%
   Marke: Babybel
   Aktionstyp: regular
   ğŸŸ¢ Confidence: high
   Seite: 3

12. Ferdl Fuchs Mini WÃ¼rstchen XXL
   Angebotspreis: 2.19 â‚¬
   Grundpreis: 8.76 â‚¬/kg
   Rabatt: -48.0%
   Marke: Ferdl Fuchs
   Aktionstyp: regular
   ğŸŸ¢ Confidence: high
   Seite: 3

13. Appel Zarte Filets vom Hering
   Angebotspreis: 1.11 â‚¬
   Grundpreis: 5.55 â‚¬/kg
   Marke: Appel
   Aktionstyp: regular
   ğŸŸ¢ Confidence: high
   Seite: 3

14. Milbona Haltbare Vollmilch
   Angebotspreis: 9.50 â‚¬
   Statt: 11.40 â‚¬
   Grundpreis: 0.80 â‚¬/l
   Rabatt: -16.0%
   Mengenrabatt: 10+2 gratis
   Marke: Milbona
   Aktionstyp: multi_buy
   ğŸŸ¢ Confidence: high
   Seite: 3

15. Rama ğŸ“± LIDL PLUS
   Angebotspreis: 1.29 â‚¬
   Statt: 2.19 â‚¬
   Grundpreis: 3.23 â‚¬/kg
   Rabatt: -41.0%
   Variante: 100% Pflanzlich
   Aktionstyp: lidl_plus
   ğŸŸ¢ Confidence: high
   Seite: 3

16. Barilla Pesto
   Angebotspreis: 1.99 â‚¬
   Statt: 3.49 â‚¬
   Grundpreis: 9.55 â‚¬/kg
   Rabatt: -42.0%
   Marke: Barilla
   Aktionstyp: regular
   ğŸŸ¢ Confidence: high
   Seite: 3

17. Kinder Bueno
   Angebotspreis: 2.29 â‚¬
   Statt: 3.29 â‚¬
   Grundpreis: 17.75 â‚¬/kg
   Rabatt: -30.0%
   Marke: Kinder
   Aktionstyp: regular
   ğŸŸ¢ Confidence: high
   Seite: 3

18. Skinny Crunch light
   Angebotspreis: 0.99 â‚¬
   UVP: 1.49 â‚¬
   Grundpreis: 9.90 â‚¬/kg
   Rabatt: -33.0%
   Aktionstyp: regular
   ğŸŸ¢ Confidence: high
   Seite: 3

19. Lay's Chips
   Angebotspreis: 1.19 â‚¬
   Statt: 1.99 â‚¬
   Grundpreis: 7.93 â‚¬/kg
   Rabatt: -40.0%
   Marke: Lay's
   Aktionstyp: regular
   ğŸŸ¢ Confidence: high
   Seite: 3

20. Kinder Duo
   Angebotspreis: 2.29 â‚¬
   Statt: 2.89 â‚¬
   Grundpreis: 15.27 â‚¬/kg
   Rabatt: -20.0%
   Marke: Kinder
   Aktionstyp: regular
   ğŸŸ¢ Confidence: high
   Seite: 3

21. Granini Hohes C
   Angebotspreis: 1.79 â‚¬
   Statt: 2.89 â‚¬
   Grundpreis: 3.58 â‚¬/l
   Rabatt: -38.0%
   Marke: Granini
   Aktionstyp: regular
   ğŸŸ¢ Confidence: high
   Seite: 3

22. Coca-Cola/Fanta/Mezzo Mix/Sprite
   Angebotspreis: 1.19 â‚¬
   Statt: 1.59 â‚¬
   Grundpreis: 0.95 â‚¬/l
   Rabatt: -25.0%
   Aktionstyp: regular
   ğŸŸ¢ Confidence: high
   Seite: 3

23. Bushmills The Original Irish Whiskey
   Angebotspreis: 14.99 â‚¬
   Statt: 18.99 â‚¬
   Grundpreis: 21.41 â‚¬/l
   Rabatt: -21.0%
   Mengenrabatt: +1 Glas gratis
   Marke: Bushmills
   Kategorie: alcohol
   Aktionstyp: restricted
   ğŸŸ¢ Confidence: high
   Seite: 3

24. Red Bull Energy Drink
   Angebotspreis: 22.22 â‚¬
   Statt: 35.76 â‚¬
   Grundpreis: 3.70 â‚¬/l
   Rabatt: -37.0%
   Marke: Red Bull
   Aktionstyp: regular
   ğŸŸ¢ Confidence: high
   Seite: 3

25. Ritter Sport Bunte Vielfalt ğŸ“± LIDL PLUS
   Angebotspreis: 1.29 â‚¬
   Statt: 1.99 â‚¬
   Grundpreis: 12.90 â‚¬/kg
   Rabatt: -35.0%
   Marke: Ritter Sport
   Aktionstyp: lidl_plus
   ğŸŸ¢ Confidence: high
   Seite: 3

26. Maltesers ğŸ·ï¸ Im Aufsteller
   Angebotspreis: 2.29 â‚¬
   Statt: 4.39 â‚¬
   Grundpreis: 13.09 â‚¬/kg
   Rabatt: -47.0%
   Aktionstyp: regular
   ğŸŸ¢ Confidence: high
   Seite: 3

27. Kerrygold Original Irischer KÃ¤se XXL
   Angebotspreis: 2.79 â‚¬
   UVP: 2.99 â‚¬
   Grundpreis: 12.13 â‚¬/kg
   Marke: Kerrygold
   Aktionstyp: regular
   ğŸŸ¢ Confidence: high
   Seite: 5

28. Popp Brot-Aufstrich
   Angebotspreis: 1.79 â‚¬
   Statt: 2.19 â‚¬
   Grundpreis: 7.16 â‚¬/kg
   Rabatt: -18.0%
   Marke: Popp
   Aktionstyp: regular
   ğŸŸ¢ Confidence: high
   Seite: 5

29. Nutella
   Angebotspreis: 6.89 â‚¬
   Rabatt: -18.0%
   Marke: Nutella
   Aktionstyp: regular
   ğŸŸ¢ Confidence: high
   Seite: 5

30. Colgate Max White/Max Fresh Zahnpasta ğŸ·ï¸ Im Aufsteller
   Angebotspreis: 4.39 â‚¬
   UVP: 7.29 â‚¬
   Grundpreis: 19.51 â‚¬/l
   Rabatt: -39.0%
   Marke: Colgate
   Aktionstyp: regular
   ğŸŸ¢ Confidence: high
   Seite: 5

31. Floraly's KÃ¼chentÃ¼cher
   Angebotspreis: 3.79 â‚¬
   Variante: Classic
   Marke: Floraly's
   Aktionstyp: regular
   ğŸŸ¢ Confidence: high
   Seite: 5

32. Pick Up! ğŸ·ï¸ Im Aufsteller
   Angebotspreis: 3.49 â‚¬
   Grundpreis: 11.33 â‚¬/kg
   Rabatt: -58.0%
   Aktionstyp: regular
   ğŸŸ¢ Confidence: high
   Seite: 5

33. Fritt Kaustreifen XXL
   Angebotspreis: 3.99 â‚¬
   Grundpreis: 7.13 â‚¬/kg
   Rabatt: -43.0%
   Marke: Fritt
   Aktionstyp: regular
   ğŸŸ¢ Confidence: high
   Seite: 5

34. WC Frisch Kraft Aktiv
   Angebotspreis: 4.79 â‚¬
   UVP: 6.89 â‚¬
   Grundpreis: 23.95 â‚¬/kg
   Rabatt: -30.0%
   Marke: WC Frisch
   Aktionstyp: regular
   ğŸŸ¢ Confidence: high
   Seite: 5

35. Pfanner Eistee
   Angebotspreis: 1.29 â‚¬
   UVP: 1.99 â‚¬
   Grundpreis: 0.65 â‚¬/l
   Rabatt: -35.0%
   Marke: Pfanner
   Aktionstyp: regular
   ğŸŸ¢ Confidence: high
   Seite: 5

36. Heineken Bier ğŸ·ï¸ Entspricht 7.5 l
   Angebotspreis: 8.99 â‚¬
   UVP: 13.99 â‚¬
   Grundpreis: 2.27 â‚¬/l
   Rabatt: -35.0%
   Marke: Heineken
   Kategorie: alcohol
   Aktionstyp: restricted
   ğŸŸ¢ Confidence: high
   Seite: 5

37. Omo Waschmittel XXXL
   Angebotspreis: 12.99 â‚¬
   UVP: 19.99 â‚¬
   Grundpreis: 0.76 â‚¬/l
   Rabatt: -35.0%
   Marke: Omo
   Aktionstyp: regular
   ğŸŸ¢ Confidence: high
   Seite: 5

38. ParksideÂ® Akku-Schlagbohrschrauber 20 V ğŸ·ï¸ Tiefpreis Garantie
   Angebotspreis: 19.99 â‚¬
   Variante: Typ. PSBSA 20-Li E4
   Marke: Parkside
   Aktionstyp: regular
   ğŸŸ¢ Confidence: high
   Seite: 6

39. SilvercrestÂ® Kitchen Tools Mikrowelle
   Angebotspreis: 39.99 â‚¬
   Statt: 49.99 â‚¬
   Rabatt: -20.0%
   Variante: Typ. SMW 700 D3
   Marke: Silvercrest
   Aktionstyp: regular
   ğŸŸ¢ Confidence: high
   Seite: 6

40. NFL T-Shirt
   Angebotspreis: 7.99 â‚¬
   Aktionstyp: regular
   ğŸŸ¢ Confidence: high
   Seite: 6

41. Wagner Piccolinis
   Angebotspreis: 4.49 â‚¬
   Statt: 6.79 â‚¬
   Grundpreis: 6.24 â‚¬/kg
   Rabatt: -48.0%
   Marke: Wagner
   Aktionstyp: regular
   ğŸŸ¢ Confidence: high
   Seite: 6

42. McEnnedy Pulled Pork
   Angebotspreis: 4.99 â‚¬
   Grundpreis: 9.07 â‚¬/kg
   Marke: McEnnedy
   Aktionstyp: regular
   ğŸŸ¢ Confidence: high
   Seite: 6

43. McEnnedy American Style Pancakes
   Angebotspreis: 1.99 â‚¬
   Grundpreis: 6.63 â‚¬/kg
   Marke: McEnnedy
   Aktionstyp: regular
   ğŸŸ¢ Confidence: high
   Seite: 6

44. Metzgerfrisch Frisches Rinder-Hackfleisch light
   Angebotspreis: 5.99 â‚¬
   Statt: 6.29 â‚¬
   Grundpreis: 14.98 â‚¬/kg
   Aktionstyp: regular
   ğŸŸ¢ Confidence: high
   Seite: 7

45. Metzgerfrisch Rinder-Minutensteaks
   Angebotspreis: 5.99 â‚¬
   Statt: 6.29 â‚¬
   Grundpreis: 18.72 â‚¬/kg
   Aktionstyp: regular
   ğŸŸ¢ Confidence: high
   Seite: 7

46. Metzgerfrisch Rinder-Hackfleisch
   Angebotspreis: 6.19 â‚¬
   Statt: 6.49 â‚¬
   Grundpreis: 12.38 â‚¬/kg
   Aktionstyp: regular
   ğŸŸ¢ Confidence: high
   Seite: 7

47. Metzgerfrisch Entrecote
   Angebotspreis: 7.00 â‚¬
   Statt: 7.13 â‚¬
   Grundpreis: 27.99 â‚¬/kg
   Aktionstyp: regular
   ğŸŸ¢ Confidence: high
   Seite: 7

48. Metzgerfrisch Rumpsteak vom deutschen Jungbullen
   Angebotspreis: 6.75 â‚¬
   Statt: 6.88 â‚¬
   Grundpreis: 26.99 â‚¬/kg
   Aktionstyp: regular
   ğŸŸ¢ Confidence: high
   Seite: 7

49. Metzgerfrisch Frisches Rinder-Hackfleisch ğŸ·ï¸ XXL
   Angebotspreis: 9.49 â‚¬
   Statt: 9.99 â‚¬
   Grundpreis: 11.86 â‚¬/kg
   Aktionstyp: regular
   ğŸŸ¢ Confidence: high
   Seite: 7

50. Lupilu Soft & Dry Pants Premium ğŸ“± LIDL PLUS
   Marke: Lupilu
   Aktionstyp: lidl_plus
   ğŸ”´ Confidence: low
   Seite: 8

51. Lupilu Premium Windeln ğŸ“± LIDL PLUS
   Marke: Lupilu
   Aktionstyp: lidl_plus
   ğŸ”´ Confidence: low
   Seite: 8

52. Lupilu Soft & Dry Pants ğŸ“± LIDL PLUS
   Marke: Lupilu
   Aktionstyp: lidl_plus
   ğŸ”´ Confidence: low
   Seite: 8

53. Birnen, lose ğŸ·ï¸ groÃŸe FrÃ¼chte ğŸ·ï¸ Deutschlands gÃ¼nstigster Preis
   Grundpreis: 1.49 â‚¬/kg
   âš ï¸  Preis unklar, Kandidaten:
      - 1.49 â‚¬ (offer): kg-Preis
   Variante: Sorte: Conference
   Aktionstyp: regular
   ğŸŸ¢ Confidence: high
   Seite: 9

54. Rote Ã„pfel
   Grundpreis: 1.29 â‚¬/kg
   âš ï¸  Preis unklar, Kandidaten:
      - 1.29 â‚¬ (offer): 1 kg
   Variante: sÃ¼ÃŸ-sÃ¤uerlich
   Aktionstyp: regular
   ğŸŸ¢ Confidence: high
   Seite: 9

55. Kiwi
   Statt: 2.99 â‚¬
   Grundpreis: 2.49 â‚¬/kg
   âš ï¸  Preis unklar, Kandidaten:
      - 2.49 â‚¬ (offer): 1 kg
      - 2.99 â‚¬ (before): statt
   Rabatt: -16.0%
   Aktionstyp: regular
   ğŸŸ¢ Confidence: high
   Seite: 9

56. Helle, kernlose Trauben
   Angebotspreis: 1.69 â‚¬
   Grundpreis: 3.38 â‚¬/kg
   Aktionstyp: regular
   ğŸŸ¢ Confidence: high
   Seite: 9

57. Mandarinen/Clementinen
   Grundpreis: 1.79 â‚¬/kg
   âš ï¸  Preis unklar, Kandidaten:
      - 1.79 â‚¬ (offer): 1-kg-Netz
   Aktionstyp: regular
   ğŸŸ¢ Confidence: high
   Seite: 9

58. Staudensellerie, lose ğŸ·ï¸ AKTION
   Angebotspreis: 0.99 â‚¬
   Aktionstyp: regular
   ğŸŸ¢ Confidence: high
   Seite: 9

59. Cherrystrauchtomaten, lose ğŸ“± LIDL PLUS
   Angebotspreis: 0.99 â‚¬
   Statt: 1.49 â‚¬
   Rabatt: -33.0%
   Aktionstyp: lidl_plus
   ğŸŸ¢ Confidence: high
   Seite: 10

60. Bio MÃ¶hren ğŸ“± LIDL PLUS ğŸ·ï¸ Bio
   Angebotspreis: 1.19 â‚¬
   Statt: 1.59 â‚¬
   Rabatt: -25.0%
   Aktionstyp: lidl_plus
   ğŸŸ¢ Confidence: high
   Seite: 10

61. Rauch DrehtÃ¼renschrank ğŸ·ï¸ Nur online
   Angebotspreis: 479.00 â‚¬
   UVP: 1179.00 â‚¬
   Rabatt: -59.0%
   Variante: Modell â€Alabamaâ€œ Premium
   Marke: Rauch
   Aktionstyp: regular
   ğŸŸ¢ Confidence: high
   Seite: 11

62. Livarno GelÂ­schaum-MatratzenÂ­topper ğŸ·ï¸ Nur online
   Angebotspreis: 49.99 â‚¬
   Statt: 79.99 â‚¬
   Rabatt: -37.0%
   Marke: Livarno
   Aktionstyp: regular
   ğŸŸ¢ Confidence: high
   Seite: 11

63. Livarno Blackout-Vorhangschal-Set, 2-teilig ğŸ·ï¸ Nur online ğŸ·ï¸ 2-teilig
   Angebotspreis: 19.99 â‚¬
   Marke: Livarno
   Aktionstyp: regular
   ğŸŸ¢ Confidence: high
   Seite: 11

64. Dunlopillo Premium-Kopfkissen ğŸ·ï¸ Nur online
   Angebotspreis: 24.99 â‚¬
   UVP: 64.99 â‚¬
   Rabatt: -61.0%
   Marke: Dunlopillo
   Aktionstyp: regular
   ğŸŸ¢ Confidence: high
   Seite: 12

65. Dunlopillo Winter-Bettdecke ğŸ·ï¸ Nur online
   Angebotspreis: 42.99 â‚¬
   UVP: 149.99 â‚¬
   Rabatt: -71.0%
   Marke: Dunlopillo
   Aktionstyp: regular
   ğŸŸ¢ Confidence: high
   Seite: 12

66. Dunlopillo Ganzjahres-Bettdecke ğŸ·ï¸ Nur online
   Angebotspreis: 39.99 â‚¬
   UVP: 129.99 â‚¬
   Rabatt: -69.0%
   Marke: Dunlopillo
   Aktionstyp: regular
   ğŸŸ¢ Confidence: high
   Seite: 12

67. Dunlopillo 4-Jahreszeiten-Bettdecke ğŸ·ï¸ Nur online
   Angebotspreis: 64.99 â‚¬
   UVP: 229.99 â‚¬
   Rabatt: -71.0%
   Marke: Dunlopillo
   Aktionstyp: regular
   ğŸŸ¢ Confidence: high
   Seite: 12

68. Hn8 Visco-Matratze ğŸ·ï¸ Nur online
   Angebotspreis: 139.00 â‚¬
   Variante: Modell â€Cozy Sleepâ€œ
   Marke: Hn8
   Aktionstyp: regular
   ğŸŸ¢ Confidence: high
   Seite: 12

69. Hn8 7-Zonen-Kaltschaummatratze ğŸ·ï¸ Nur online
   Angebotspreis: 189.00 â‚¬
   Variante: Modell â€SchlafschÃ¶nâ€œ
   Marke: Hn8
   Aktionstyp: regular
   ğŸŸ¢ Confidence: high
   Seite: 12

70. Masterpro WeinzubehÃ¶r-Set ğŸ·ï¸ Nur online
   Angebotspreis: 16.99 â‚¬
   UVP: 49.99 â‚¬
   Rabatt: -66.0%
   Variante: Aus Edelstahl. Je Set
   Marke: Masterpro
   Aktionstyp: regular
   ğŸŸ¢ Confidence: high
   Seite: 13

71. Spiegelau GlÃ¤ser-Set ğŸ·ï¸ Nur online
   Angebotspreis: 7.99 â‚¬
   UVP: 24.90 â‚¬
   Rabatt: -67.0%
   Variante: Modell â€Romaâ€œ. Je Set
   Marke: Spiegelau
   Aktionstyp: regular
   ğŸŸ¢ Confidence: high
   Seite: 13

72. MÃ¶venpick Geschirr-Set ğŸ·ï¸ Nur online
   Angebotspreis: 19.99 â‚¬
   UVP: 49.99 â‚¬
   Rabatt: -60.0%
   Variante: Aus Steinzeug. Je Set
   Marke: MÃ¶venpick
   Aktionstyp: regular
   ğŸŸ¢ Confidence: high
   Seite: 13

73. Emsa Isolierbecher ğŸ·ï¸ Nur online
   Angebotspreis: 9.99 â‚¬
   UVP: 31.99 â‚¬
   Rabatt: -68.0%
   Variante: Modell â€TRAVEL MUGâ€œ. Je StÃ¼ck
   Marke: Emsa
   Aktionstyp: regular
   ğŸŸ¢ Confidence: high
   Seite: 13

74. Livarno home Geschirr-Set ğŸ·ï¸ Nur online
   Angebotspreis: 22.99 â‚¬
   UVP: 34.99 â‚¬
   Rabatt: -34.0%
   Variante: Aus Steinzeug. Je Set
   Marke: Livarno home
   Aktionstyp: regular
   ğŸŸ¢ Confidence: high
   Seite: 13

75. Ernesto Besteck-Set ğŸ·ï¸ Nur online
   Angebotspreis: 3.99 â‚¬
   Variante: Aus Edelstahl mit Kunststoffgriffen. Je Set
   Marke: Ernesto
   Aktionstyp: regular
   ğŸŸ¢ Confidence: high
   Seite: 13

76. Silvercrest Brotkasten ğŸ·ï¸ Nur online
   Angebotspreis: 9.99 â‚¬
   Statt: 12.99 â‚¬
   Rabatt: -23.0%
   Marke: Silvercrest
   Aktionstyp: regular
   ğŸŸ¢ Confidence: high
   Seite: 14

77. Silvercrest Kitchen Tools Fritteuse ğŸ·ï¸ Nur online
   Angebotspreis: 21.99 â‚¬
   Variante: Typ_SFT 1900 A1
   Marke: Silvercrest
   Aktionstyp: regular
   ğŸŸ¢ Confidence: high
   Seite: 14

78. Silvercrest Panini-Maker ğŸ·ï¸ Nur online
   Angebotspreis: 27.99 â‚¬
   Statt: 39.99 â‚¬
   Rabatt: -30.0%
   Variante: Typ_SPM 2000 E2
   Marke: Silvercrest
   Aktionstyp: regular
   ğŸŸ¢ Confidence: high
   Seite: 14

79. Silvercrest Slush-Eismaschine ğŸ·ï¸ Nur online
   Angebotspreis: 149.00 â‚¬
   Rabatt: -25.0%
   Variante: Typ_SSM 220 A1
   Marke: Silvercrest
   Aktionstyp: regular
   ğŸŸ¢ Confidence: high
   Seite: 14

80. Silvercrest Kitchen Tools KÃ¼hlschrank ğŸ·ï¸ Nur online
   Angebotspreis: 149.00 â‚¬
   Variante: Typ_HIG7A2A1
   Marke: Silvercrest
   Aktionstyp: regular
   ğŸŸ¢ Confidence: high
   Seite: 14

81. CrockPot Slow Cooker
   Angebotspreis: 44.99 â‚¬
   UVP: 97.99 â‚¬
   Rabatt: -54.0%
   Variante: Typ_SCCPRC507B
   Marke: CrockPot
   Aktionstyp: regular
   ğŸŸ¢ Confidence: high
   Seite: 14

82. LG Waschmaschine ğŸ·ï¸ Nur online
   Angebotspreis: 729.00 â‚¬
   Statt: 1399.00 â‚¬
   Rabatt: -47.0%
   Variante: Typ_F1WTM7S2B
   Marke: LG
   Aktionstyp: regular
   ğŸŸ¢ Confidence: high
   Seite: 14

83. Nuss-Nougat-Croissant ğŸ“± LIDL PLUS
   Angebotspreis: 1.38 â‚¬
   Statt: 2.07 â‚¬
   Grundpreis: 2.07 â‚¬/kg
   Rabatt: -33.0%
   Variante: Je 3 StÃ¼ck
   Aktionstyp: lidl_plus
   ğŸŸ¢ Confidence: high
   Seite: 15

84. Wienerle Croissant ğŸ“± LIDL PLUS
   Angebotspreis: 1.98 â‚¬
   Statt: 2.97 â‚¬
   Grundpreis: 0.66 â‚¬/kg
   Rabatt: -33.0%
   Variante: Je 3 StÃ¼ck
   Mengenrabatt: 2+1 gratis
   Aktionstyp: lidl_plus
   ğŸŸ¢ Confidence: high
   Seite: 15

85. KÃ¼rbiskernbrÃ¶tchen
   Angebotspreis: 0.98 â‚¬
   Statt: 1.47 â‚¬
   Grundpreis: 0.33 â‚¬/kg
   Rabatt: -33.0%
   Variante: Je 3 StÃ¼ck
   Mengenrabatt: 2+1 gratis
   Aktionstyp: regular
   ğŸŸ¢ Confidence: high
   Seite: 15

86. Walnuss-Honig-Brot ğŸ·ï¸ AKTION
   Angebotspreis: 1.99 â‚¬
   Grundpreis: 5.24 â‚¬/kg
   Variante: Je 380 g
   Aktionstyp: regular
   ğŸŸ¢ Confidence: high
   Seite: 15

87. Schoko Cronut ğŸ·ï¸ AKTION
   Angebotspreis: 0.99 â‚¬
   Aktionstyp: regular
   ğŸŸ¢ Confidence: high
   Seite: 15

88. Dunkin' Donuts Cheesecake Crumble
   Angebotspreis: 2.79 â‚¬
   Grundpreis: 18.12 â‚¬/kg
   Variante: Je 154 g
   Mengenrabatt: 2er-Pack
   Marke: Dunkin'
   Aktionstyp: regular
   ğŸŸ¢ Confidence: high
   Seite: 15

89. Vemondo Veganes Hack ğŸ·ï¸ VEGAN
   Angebotspreis: 1.39 â‚¬
   Statt: 1.59 â‚¬
   Grundpreis: 6.95 â‚¬/kg
   Rabatt: -12.0%
   Marke: Vemondo
   Aktionstyp: regular
   ğŸŸ¢ Confidence: high
   Seite: 16

90. Fischerstolz Norwegische Lachsfiletportion
   Angebotspreis: 4.99 â‚¬
   Statt: 5.79 â‚¬
   Grundpreis: 16.63 â‚¬/kg
   Rabatt: -13.0%
   Variante: Mit Haut
   Marke: Fischerstolz
   Aktionstyp: regular
   ğŸŸ¢ Confidence: high
   Seite: 16

91. Metzgerfrisch Frisches Schweine-Hackfleisch ğŸ·ï¸ XXL
   Grundpreis: 4.44 â‚¬/kg
   âš ï¸  Preis unklar, Kandidaten:
      - 4.44 â‚¬ (offer): offer
   Rabatt: -25.0%
   Marke: Metzgerfrisch
   Aktionstyp: regular
   ğŸŸ¢ Confidence: high
   Seite: 16

92. Metzgerfrisch Frische HÃ¤hnchen-Mini-Steaks ğŸ·ï¸ XXL ğŸ·ï¸ Tiefpreis Garantie
   Angebotspreis: 6.66 â‚¬
   Statt: 9.29 â‚¬
   Grundpreis: 8.33 â‚¬/kg
   Rabatt: -28.0%
   Marke: Metzgerfrisch
   Aktionstyp: regular
   ğŸŸ¢ Confidence: high
   Seite: 16

93. Metzgerfrisch Frische grobe Bratwurst ğŸ·ï¸ XXL
   Angebotspreis: 5.99 â‚¬
   Grundpreis: 4.99 â‚¬/kg
   Rabatt: -30.0%
   Variante: Vom Schwein, roh, gewÃ¼rzt
   Marke: Metzgerfrisch
   Aktionstyp: regular
   ğŸŸ¢ Confidence: high
   Seite: 16

94. Metzgerfrisch Premium Lamm-Filets ğŸ·ï¸ XXL ğŸ·ï¸ AKTION
   Angebotspreis: 14.00 â‚¬
   Grundpreis: 27.99 â‚¬/kg
   Variante: In GewÃ¼rzmarinade
   Marke: Metzgerfrisch
   Aktionstyp: regular
   ğŸŸ¢ Confidence: high
   Seite: 16

95. Metzgerfrisch Kasseler Minutensteaks ğŸ“± LIDL PLUS
   Angebotspreis: 3.33 â‚¬
   Statt: 3.99 â‚¬
   Grundpreis: 8.33 â‚¬/kg
   Rabatt: -16.0%
   Marke: Metzgerfrisch
   Aktionstyp: lidl_plus
   ğŸŸ¢ Confidence: high
   Seite: 16

96. Metzgerfrisch Frische HÃ¤hnchen Oberkeulen-Minutensteaks ğŸ“± LIDL PLUS
   Angebotspreis: 2.99 â‚¬
   Statt: 3.79 â‚¬
   Grundpreis: 8.31 â‚¬/kg
   Rabatt: -21.0%
   Marke: Metzgerfrisch
   Aktionstyp: lidl_plus
   ğŸŸ¢ Confidence: high
   Seite: 16

97. Pahmeyer Kartoffeln ğŸ·ï¸ VEGAN
   Angebotspreis: 1.69 â‚¬
   Statt: 1.99 â‚¬
   Grundpreis: 5.12 â‚¬/kg
   Rabatt: -15.0%
   Variante: Versch. Sorten
   Aktionstyp: regular
   ğŸŸ¢ Confidence: high
   Seite: 1

98. Chef Select Kartoffelsalat
   Angebotspreis: 1.69 â‚¬
   Grundpreis: 4.23 â‚¬/kg
   Variante: Versch. Sorten
   Aktionstyp: regular
   ğŸŸ¢ Confidence: high
   Seite: 1

99. Pahmeyer Reibekuchen XXL
   Angebotspreis: 2.99 â‚¬
   Statt: 3.99 â‚¬
   Grundpreis: 4.67 â‚¬/kg
   Rabatt: -25.0%
   Variante: GekÃ¼hlt
   Aktionstyp: regular
   ğŸŸ¢ Confidence: high
   Seite: 1

100. BÃ¶rner Eisenacher WurstspezialitÃ¤ten
   Angebotspreis: 1.99 â‚¬
   Grundpreis: 19.90 â‚¬/kg
   Variante: Versch. Sorten
   Aktionstyp: regular
   ğŸŸ¢ Confidence: high
   Seite: 1

101. Sutter Fleischwurst/Krakauer im Ring
   Angebotspreis: 2.49 â‚¬
   Statt: 3.29 â‚¬
   Grundpreis: 6.23 â‚¬/kg
   Rabatt: -24.0%
   Aktionstyp: regular
   ğŸŸ¢ Confidence: high
   Seite: 1

102. Langewiesche Puten Krustenbraten/Butter Truthahnbrust
   Angebotspreis: 1.99 â‚¬
   Statt: 2.49 â‚¬
   Grundpreis: 19.90 â‚¬/kg
   Rabatt: -20.0%
   Aktionstyp: regular
   ğŸŸ¢ Confidence: high
   Seite: 1

103. Nadler Sahne Heringsfilets
   Angebotspreis: 1.99 â‚¬
   UVP: 3.89 â‚¬
   Grundpreis: 4.52 â‚¬/kg
   Rabatt: -48.0%
   Marke: Nadler
   Aktionstyp: regular
   ğŸŸ¢ Confidence: high
   Seite: 18

104. Kinder Milchschnitte/ Pingui ğŸ·ï¸ AKTION
   Angebotspreis: 2.19 â‚¬
   Grundpreis: 11.17 â‚¬/kg
   Marke: Kinder
   Aktionstyp: regular
   ğŸŸ¢ Confidence: high
   Seite: 18

105. Landliebe GrieÃŸ-/ Sahlnepudding
   Angebotspreis: 0.99 â‚¬
   Statt: 1.79 â‚¬
   Grundpreis: 3.00 â‚¬/kg
   Rabatt: -44.0%
   Marke: Landliebe
   Aktionstyp: regular
   ğŸŸ¢ Confidence: high
   Seite: 18

106. Milbona Joghurt mild XXL
   Angebotspreis: 1.49 â‚¬
   Grundpreis: 2.98 â‚¬/kg
   Rabatt: -16.0%
   Marke: Milbona
   Aktionstyp: regular
   ğŸŸ¢ Confidence: high
   Seite: 18

107. Nothwang Aufschnitt XXL
   Angebotspreis: 1.99 â‚¬
   UVP: 2.69 â‚¬
   Grundpreis: 13.27 â‚¬/kg
   Rabatt: -26.0%
   Marke: Nothwang
   Aktionstyp: regular
   ğŸŸ¢ Confidence: high
   Seite: 18

108. Kinder Cards ğŸ·ï¸ 10er-Pack
   Angebotspreis: 4.99 â‚¬
   Grundpreis: 19.49 â‚¬/kg
   Rabatt: -13.0%
   Marke: Kinder
   Aktionstyp: regular
   ğŸŸ¢ Confidence: high
   Seite: 18

109. Kinder Ãœberraschung Classic-Ei
   Angebotspreis: 0.89 â‚¬
   Statt: 1.19 â‚¬
   Grundpreis: 44.50 â‚¬/kg
   Rabatt: -25.0%
   Marke: Kinder
   Aktionstyp: regular
   ğŸŸ¢ Confidence: high
   Seite: 18

110. Aoste Stickado
   Angebotspreis: 1.79 â‚¬
   UVP: 2.49 â‚¬
   Grundpreis: 25.57 â‚¬/kg
   Rabatt: -28.0%
   Marke: Aoste
   Aktionstyp: regular
   ğŸŸ¢ Confidence: high
   Seite: 18

111. Lavazza Crema e Gusto Classico
   Angebotspreis: 4.49 â‚¬
   Statt: 5.99 â‚¬
   Grundpreis: 17.96 â‚¬/kg
   Rabatt: -25.0%
   Marke: Lavazza
   Aktionstyp: regular
   ğŸŸ¢ Confidence: high
   Seite: 18

112. RotkÃ¤ppchen Fruchtsecco
   Angebotspreis: 2.99 â‚¬
   UVP: 4.99 â‚¬
   Grundpreis: 3.99 â‚¬/l
   Rabatt: -40.0%
   Marke: RotkÃ¤ppchen
   Kategorie: alcohol
   Aktionstyp: restricted
   ğŸŸ¢ Confidence: high
   Seite: 18

113. Vemondo Vegane Leberwurst ğŸ“± LIDL PLUS ğŸ·ï¸ VEGAN
   Angebotspreis: 1.54 â‚¬
   Statt: 1.72 â‚¬
   Grundpreis: 11.47 â‚¬/kg
   Rabatt: -10.0%
   Marke: Vemondo
   Aktionstyp: lidl_plus
   ğŸŸ¢ Confidence: high
   Seite: 19

114. Vemondo Vegane Chunks ğŸ“± LIDL PLUS ğŸ·ï¸ VEGAN
   Angebotspreis: 2.20 â‚¬
   Statt: 2.45 â‚¬
   Grundpreis: 13.24 â‚¬/kg
   Rabatt: -10.0%
   Marke: Vemondo
   Aktionstyp: lidl_plus
   ğŸŸ¢ Confidence: high
   Seite: 19

115. Vemondo Vegane Gyros-Alternative ğŸ“± LIDL PLUS ğŸ·ï¸ VEGAN
   Angebotspreis: 1.79 â‚¬
   Statt: 1.99 â‚¬
   Grundpreis: 5.97 â‚¬/kg
   Rabatt: -10.0%
   Marke: Vemondo
   Aktionstyp: lidl_plus
   ğŸŸ¢ Confidence: high
   Seite: 19

116. Vemondo Vegane Falafel ğŸ“± LIDL PLUS ğŸ·ï¸ VEGAN
   Angebotspreis: 1.79 â‚¬
   Statt: 1.99 â‚¬
   Grundpreis: 9.95 â‚¬/kg
   Rabatt: -10.0%
   Marke: Vemondo
   Aktionstyp: lidl_plus
   ğŸŸ¢ Confidence: high
   Seite: 19

117. Vemondo Vegane Rostbratwurst-Alternative ğŸ“± LIDL PLUS ğŸ·ï¸ VEGAN
   Angebotspreis: 1.61 â‚¬
   Statt: 1.79 â‚¬
   Grundpreis: 9.94 â‚¬/kg
   Rabatt: -10.0%
   Marke: Vemondo
   Aktionstyp: lidl_plus
   ğŸŸ¢ Confidence: high
   Seite: 19

118. Vemondo Veganes Pesto ğŸ“± LIDL PLUS ğŸ·ï¸ VEGAN
   Angebotspreis: 0.89 â‚¬
   Statt: 0.99 â‚¬
   Grundpreis: 5.21 â‚¬/kg
   Rabatt: -10.0%
   Marke: Vemondo
   Aktionstyp: lidl_plus
   ğŸŸ¢ Confidence: high
   Seite: 19

119. Vemondo Veganer Goldessa Aufstrich ğŸ“± LIDL PLUS
   Angebotspreis: 1.15 â‚¬
   Grundpreis: 5.89 â‚¬/kg
   Rabatt: -10.0%
   Variante: Versch. Sorten
   Marke: Vemondo
   Aktionstyp: lidl_plus
   ğŸŸ¢ Confidence: high
   Seite: 20

120. Vemondo Vegane No Butter ğŸ“± LIDL PLUS
   Angebotspreis: 0.89 â‚¬
   Statt: 0.99 â‚¬
   Grundpreis: 3.56 â‚¬/kg
   Rabatt: -10.0%
   Marke: Vemondo
   Aktionstyp: lidl_plus
   ğŸŸ¢ Confidence: high
   Seite: 20

121. Vemondo Veganer Reibegenuss ğŸ“± LIDL PLUS
   Angebotspreis: 0.89 â‚¬
   Statt: 0.99 â‚¬
   Grundpreis: 5.93 â‚¬/kg
   Rabatt: -10.0%
   Marke: Vemondo
   Aktionstyp: lidl_plus
   ğŸŸ¢ Confidence: high
   Seite: 20

122. Vemondo Vegane Bio Joghurtalternative Kokos Natur ğŸ“± LIDL PLUS
   Angebotspreis: 1.21 â‚¬
   Statt: 1.35 â‚¬
   Grundpreis: 3.03 â‚¬/kg
   Rabatt: -10.0%
   Marke: Vemondo
   Aktionstyp: lidl_plus
   ğŸŸ¢ Confidence: high
   Seite: 20

123. Vemondo Vegane Soja Joghurtalternative Classic ğŸ“± LIDL PLUS
   Angebotspreis: 0.89 â‚¬
   Statt: 0.99 â‚¬
   Grundpreis: 1.78 â‚¬/kg
   Rabatt: -10.0%
   Marke: Vemondo
   Aktionstyp: lidl_plus
   ğŸŸ¢ Confidence: high
   Seite: 20

124. Vemondo Vegane Bio Hafer Creme Cuisine ğŸ“± LIDL PLUS
   Angebotspreis: 0.80 â‚¬
   Statt: 0.89 â‚¬
   Grundpreis: 3.20 â‚¬/l
   Rabatt: -10.0%
   Marke: Vemondo
   Aktionstyp: lidl_plus
   ğŸŸ¢ Confidence: high
   Seite: 20

125. Vemondo Vegane No Milk Haferdrink ğŸ“± LIDL PLUS
   Angebotspreis: 0.85 â‚¬
   Statt: 0.95 â‚¬
   Rabatt: -10.0%
   Marke: Vemondo
   Aktionstyp: lidl_plus
   ğŸŸ¢ Confidence: high
   Seite: 20

126. Sweet Corner Apfelringe/Saure WÃ¼rmer ğŸ“± LIDL PLUS
   Angebotspreis: 1.19 â‚¬
   Statt: 1.49 â‚¬
   Grundpreis: 2.98 â‚¬/kg
   Rabatt: -20.0%
   Marke: Sweet Corner
   Aktionstyp: lidl_plus
   ğŸŸ¢ Confidence: high
   Seite: 21

127. Sweet Corner Fruchtgummi Bunte MÃ¤use ğŸ“± LIDL PLUS
   Angebotspreis: 0.99 â‚¬
   Statt: 1.39 â‚¬
   Grundpreis: 3.30 â‚¬/kg
   Rabatt: -28.0%
   Marke: Sweet Corner
   Aktionstyp: lidl_plus
   ğŸŸ¢ Confidence: high
   Seite: 21

128. Sweet Corner Fruchtgummi Versch. Sorten ğŸ“± LIDL PLUS
   Angebotspreis: 0.89 â‚¬
   Statt: 1.19 â‚¬
   Grundpreis: 2.97 â‚¬/kg
   Rabatt: -25.0%
   Marke: Sweet Corner
   Aktionstyp: lidl_plus
   ğŸŸ¢ Confidence: high
   Seite: 21

129. Sweet Corner Mega BÃ¤rchen ğŸ“± LIDL PLUS
   Angebotspreis: 0.99 â‚¬
   Statt: 1.29 â‚¬
   Grundpreis: 3.30 â‚¬/kg
   Rabatt: -23.0%
   Marke: Sweet Corner
   Aktionstyp: lidl_plus
   ğŸŸ¢ Confidence: high
   Seite: 21

130. Sweet Corner BÃ¤rchen ğŸ“± LIDL PLUS
   Angebotspreis: 0.79 â‚¬
   Statt: 0.99 â‚¬
   Grundpreis: 3.95 â‚¬/kg
   Rabatt: -20.0%
   Marke: Sweet Corner
   Aktionstyp: lidl_plus
   ğŸŸ¢ Confidence: high
   Seite: 21

131. Sweet Corner Party Mix Minis Fruchtgummi ğŸ“± LIDL PLUS
   Angebotspreis: 1.99 â‚¬
   Statt: 2.49 â‚¬
   Grundpreis: 4.68 â‚¬/kg
   Rabatt: -20.0%
   Marke: Sweet Corner
   Aktionstyp: lidl_plus
   ğŸŸ¢ Confidence: high
   Seite: 21

132. Sweet Corner Kaubo Cubbys ğŸ“± LIDL PLUS
   Angebotspreis: 0.79 â‚¬
   Statt: 0.99 â‚¬
   Grundpreis: 3.59 â‚¬/kg
   Rabatt: -20.0%
   Variante: Versch. Sorten
   Aktionstyp: lidl_plus
   ğŸŸ¢ Confidence: high
   Seite: 22

133. Sweet Corner Fruchtgummi Mix ğŸ“± LIDL PLUS
   Angebotspreis: 3.49 â‚¬
   Statt: 4.29 â‚¬
   Grundpreis: 4.29 â‚¬/kg
   Rabatt: -18.0%
   Variante: Versch. Sorten
   Aktionstyp: lidl_plus
   ğŸŸ¢ Confidence: high
   Seite: 22

134. Sweet Corner Kaubo Mix ğŸ“± LIDL PLUS
   Angebotspreis: 1.79 â‚¬
   Statt: 2.29 â‚¬
   Grundpreis: 4.48 â‚¬/kg
   Rabatt: -21.0%
   Variante: Versch. Sorten
   Aktionstyp: lidl_plus
   ğŸŸ¢ Confidence: high
   Seite: 22

135. Sweet Corner Fruchtkaubonbons ğŸ“± LIDL PLUS
   Angebotspreis: 1.69 â‚¬
   Statt: 1.99 â‚¬
   Grundpreis: 3.38 â‚¬/kg
   Rabatt: -15.0%
   Variante: Versch. Sorten
   Aktionstyp: lidl_plus
   ğŸŸ¢ Confidence: high
   Seite: 22

136. Amanie Hustenbonbons ğŸ“± LIDL PLUS
   Angebotspreis: 1.25 â‚¬
   Statt: 1.39 â‚¬
   Grundpreis: 5.56 â‚¬/kg
   Rabatt: -10.0%
   Variante: Versch. Sorten
   Aktionstyp: lidl_plus
   ğŸŸ¢ Confidence: high
   Seite: 22

137. Sweet Corner FrÃ¼chtchen ğŸ“± LIDL PLUS
   Angebotspreis: 1.11 â‚¬
   Statt: 1.39 â‚¬
   Grundpreis: 3.70 â‚¬/kg
   Rabatt: -20.0%
   Variante: Versch. Sorten
   Aktionstyp: lidl_plus
   ğŸŸ¢ Confidence: high
   Seite: 22

138. Amanie Eukalyptus-Menthol-Bonbons ğŸ“± LIDL PLUS
   Angebotspreis: 1.61 â‚¬
   Statt: 1.79 â‚¬
   Grundpreis: 3.31 â‚¬/kg
   Rabatt: -10.0%
   Variante: Versch. Sorten
   Aktionstyp: lidl_plus
   ğŸŸ¢ Confidence: high
   Seite: 22

139. Korifeos Ouzo ğŸ·ï¸ Nur online
   Angebotspreis: 8.99 â‚¬
   Statt: 9.99 â‚¬
   Grundpreis: 12.84 â‚¬/l
   Rabatt: -10.0%
   Kategorie: alcohol
   Aktionstyp: restricted
   ğŸŸ¢ Confidence: high
   Seite: 23

140. Vega Cadur Brandy de Jerez Solera Reserva ğŸ·ï¸ Nur online
   Angebotspreis: 10.99 â‚¬
   Statt: 14.99 â‚¬
   Grundpreis: 15.70 â‚¬/l
   Rabatt: -26.0%
   Kategorie: alcohol
   Aktionstyp: restricted
   ğŸŸ¢ Confidence: high
   Seite: 23

141. Ron Rumbero Kubanischer Rum 7 Jahre ğŸ·ï¸ Nur online
   Angebotspreis: 12.99 â‚¬
   Statt: 14.99 â‚¬
   Grundpreis: 18.56 â‚¬/l
   Rabatt: -13.0%
   Kategorie: alcohol
   Aktionstyp: restricted
   ğŸŸ¢ Confidence: high
   Seite: 23

142. GOLDHAUCH Haselnuss Edelbrand ğŸ·ï¸ Nur online
   Angebotspreis: 10.99 â‚¬
   Statt: 12.99 â‚¬
   Grundpreis: 21.98 â‚¬/l
   Rabatt: -15.0%
   Kategorie: alcohol
   Aktionstyp: restricted
   ğŸŸ¢ Confidence: high
   Seite: 23

143. GOLDHAUCH Williams-Christ-Birnenbrand mit Frucht ğŸ·ï¸ Nur online
   Angebotspreis: 19.99 â‚¬
   Statt: 24.99 â‚¬
   Grundpreis: 28.56 â‚¬/l
   Rabatt: -20.0%
   Kategorie: alcohol
   Aktionstyp: restricted
   ğŸŸ¢ Confidence: high
   Seite: 23

144. Ben Bracken Scottish Dry Gin ğŸ·ï¸ Nur online
   Angebotspreis: 10.99 â‚¬
   Statt: 14.99 â‚¬
   Grundpreis: 15.70 â‚¬/l
   Rabatt: -26.0%
   Kategorie: alcohol
   Aktionstyp: restricted
   ğŸŸ¢ Confidence: high
   Seite: 24

145. Allini FreeSecco 0,0%, alkoholfrei ğŸ“± LIDL PLUS ğŸ·ï¸ Nur online
   Angebotspreis: 5.39 â‚¬
   Statt: 5.99 â‚¬
   Grundpreis: 7.19 â‚¬/l
   Rabatt: -10.0%
   Aktionstyp: lidl_plus
   ğŸŸ¢ Confidence: high
   Seite: 24

146. Amarone della Valpolicella Classico DOCG, Rotwein, trocken ğŸ·ï¸ Nur online
   Angebotspreis: 19.99 â‚¬
   Grundpreis: 26.65 â‚¬/l
   Kategorie: alcohol
   Aktionstyp: restricted
   ğŸŸ¢ Confidence: high
   Seite: 24

147. Marquis de Plagne Bio CrÃ©mant de Loire AOC, Schaumwein, brut ğŸ·ï¸ Nur online
   Angebotspreis: 8.99 â‚¬
   Statt: 9.99 â‚¬
   Grundpreis: 11.99 â‚¬/l
   Rabatt: -10.0%
   Kategorie: alcohol
   Aktionstyp: restricted
   ğŸŸ¢ Confidence: high
   Seite: 24

148. Heidsieck & Co Monopole Bronze Top, Champagner, brut ğŸ·ï¸ Nur online
   Angebotspreis: 24.99 â‚¬
   Statt: 29.99 â‚¬
   Grundpreis: 33.32 â‚¬/l
   Kategorie: alcohol
   Aktionstyp: restricted
   ğŸŸ¢ Confidence: high
   Seite: 24

149. Mezquiriz Tempranillo Tinto Roble DO, Rotwein, trocken ğŸ·ï¸ Nur online
   Angebotspreis: 4.89 â‚¬
   Statt: 6.99 â‚¬
   Grundpreis: 6.52 â‚¬/l
   Rabatt: -30.0%
   Kategorie: alcohol
   Aktionstyp: restricted
   ğŸŸ¢ Confidence: high
   Seite: 24

150. River Terrace Sauvignon Blanc Reserve Blush, WeiÃŸwein, trocken ğŸ·ï¸ Nur online
   Angebotspreis: 7.99 â‚¬
   Statt: 9.99 â‚¬
   Grundpreis: 10.65 â‚¬/l
   Rabatt: -20.0%
   Kategorie: alcohol
   Aktionstyp: restricted
   ğŸŸ¢ Confidence: high
   Seite: 24

151. Veuve Thomassin rosÃ©, Champagner, brut ğŸ·ï¸ Nur online
   Angebotspreis: 22.99 â‚¬
   Statt: 27.99 â‚¬
   Grundpreis: 30.65 â‚¬/l
   Kategorie: alcohol
   Aktionstyp: restricted
   ğŸŸ¢ Confidence: high
   Seite: 24

152. Riesling Scheurebe QbA, WeiÃŸwein, halbtrocken ğŸ·ï¸ Nur online
   Angebotspreis: 4.99 â‚¬
   Grundpreis: 6.65 â‚¬/l
   Kategorie: alcohol
   Aktionstyp: restricted
   ğŸŸ¢ Confidence: high
   Seite: 24

153. Parkside Akku-HandkreissÃ¤ge 20 V
   Angebotspreis: 34.99 â‚¬
   Marke: Parkside
   Aktionstyp: regular
   ğŸŸ¢ Confidence: high
   Seite: 25

154. Parkside Performance SÃ¤geblatt
   Angebotspreis: 5.99 â‚¬
   Statt: 7.99 â‚¬
   Rabatt: -25.0%
   Marke: Parkside
   Aktionstyp: regular
   ğŸŸ¢ Confidence: high
   Seite: 25

155. Parkside Akku-Bandfeile 20 V
   Angebotspreis: 29.99 â‚¬
   Marke: Parkside
   Aktionstyp: regular
   ğŸŸ¢ Confidence: high
   Seite: 25

156. Parkside Akku 20 V/4 Ah
   Angebotspreis: 19.99 â‚¬
   Marke: Parkside
   Aktionstyp: regular
   ğŸŸ¢ Confidence: high
   Seite: 25

157. Parkside Akku 20 V/2 Ah + LadegerÃ¤t 2,4 A
   Angebotspreis: 19.99 â‚¬
   Marke: Parkside
   Aktionstyp: regular
   ğŸŸ¢ Confidence: high
   Seite: 25

158. Parkside Akku-SchnellladegerÃ¤t 20 V/4,5 A
   Angebotspreis: 9.99 â‚¬
   Marke: Parkside
   Aktionstyp: regular
   ğŸŸ¢ Confidence: high
   Seite: 25

159. Verkandtangenset, 3-teilig
   Aktionstyp: regular
   ğŸ”´ Confidence: low
   Seite: 26

160. Schmierverschluss-Bithalter mit DrehhÃ¼lse
   Aktionstyp: regular
   ğŸ”´ Confidence: low
   Seite: 26

161. Trockenbau-Bit-Set, 6-teilig
   Aktionstyp: regular
   ğŸ”´ Confidence: low
   Seite: 26

162. Parkside BitverlÃ¤ngerung/Vierkantadapter/Bit-Set ğŸ·ï¸ Auch online
   Angebotspreis: 1.99 â‚¬
   Statt: 3.99 â‚¬
   Rabatt: -50.0%
   Marke: Parkside
   Aktionstyp: regular
   ğŸŸ¢ Confidence: high
   Seite: 26

163. Parkside Akku-Schlagbohrschrauber 20 V ğŸ·ï¸ Auch online ğŸ·ï¸ Tiefpreis Garantie
   Angebotspreis: 19.99 â‚¬
   Marke: Parkside
   Aktionstyp: regular
   ğŸŸ¢ Confidence: high
   Seite: 26

164. Parkside Bit-/Bit- und SteckschlÃ¼sselsatz
   Angebotspreis: 7.99 â‚¬
   Statt: 12.99 â‚¬
   Rabatt: -38.0%
   Marke: Parkside
   Aktionstyp: regular
   ğŸŸ¢ Confidence: high
   Seite: 26

165. Parkside Bohrer-Bit-Set ğŸ·ï¸ Auch online ğŸ·ï¸ Tiefpreis Garantie
   Angebotspreis: 14.99 â‚¬
   Marke: Parkside
   Aktionstyp: regular
   ğŸŸ¢ Confidence: high
   Seite: 26

166. Parkside Akku-Bohrschrauber 20 V ğŸ“± LIDL PLUS
   Angebotspreis: 14.99 â‚¬
   Statt: 19.99 â‚¬
   Rabatt: -25.0%
   Marke: Parkside
   Aktionstyp: lidl_plus
   ğŸŸ¢ Confidence: high
   Seite: 26

167. Parkside Akku-Kompressor und -Luftpumpe 20 V ğŸ·ï¸ Auch online
   Angebotspreis: 24.99 â‚¬
   Marke: Parkside
   Aktionstyp: regular
   ğŸŸ¢ Confidence: high
   Seite: 27

168. Parkside Akku-BandsÃ¤ge 20 V
   Angebotspreis: 59.99 â‚¬
   Statt: 99.99 â‚¬
   Rabatt: -40.0%
   Marke: Parkside
   Aktionstyp: regular
   ğŸŸ¢ Confidence: high
   Seite: 27

169. Parkside Akku-Baustellenradio 20 V ğŸ“± LIDL PLUS ğŸ·ï¸ Auch online
   Angebotspreis: 59.99 â‚¬
   Statt: 69.99 â‚¬
   Rabatt: -14.0%
   Marke: Parkside
   Aktionstyp: lidl_plus
   ğŸŸ¢ Confidence: high
   Seite: 27

170. Parkside Klemm- und FÃ¼hrungsschiene ğŸ“± LIDL PLUS
   Angebotspreis: 7.99 â‚¬
   Statt: 12.99 â‚¬
   Rabatt: -38.0%
   Marke: Parkside
   Aktionstyp: lidl_plus
   ğŸŸ¢ Confidence: high
   Seite: 27

171. Parkside Bohr- und MeiÃŸelhammer ğŸ·ï¸ Nur online
   Angebotspreis: 49.99 â‚¬
   Statt: 57.99 â‚¬
   Rabatt: -13.0%
   Variante: Typ PBH 1500 C3
   Marke: Parkside
   Aktionstyp: regular
   ğŸŸ¢ Confidence: high
   Seite: 28

172. Parkside Akku-Kartuschenpresse 20 V ğŸ·ï¸ Ohne Akku/LadegerÃ¤t
   Angebotspreis: 32.99 â‚¬
   Variante: Typ PKAP 20-Li A2
   Marke: Parkside
   Aktionstyp: regular
   ğŸŸ¢ Confidence: high
   Seite: 28

173. Parkside Schwing- und Multischleifer ğŸ·ï¸ Nur online
   Angebotspreis: 19.99 â‚¬
   Statt: 26.99 â‚¬
   Rabatt: -25.0%
   Variante: Typ PSS 270 C3
   Marke: Parkside
   Aktionstyp: regular
   ğŸŸ¢ Confidence: high
   Seite: 28

174. Parkside TauchsÃ¤ge ğŸ·ï¸ Nur online
   Angebotspreis: 64.99 â‚¬
   Statt: 99.99 â‚¬
   Rabatt: -35.0%
   Variante: Typ PTSS 1200 D3
   Marke: Parkside
   Aktionstyp: regular
   ğŸŸ¢ Confidence: high
   Seite: 28

175. Livarno Bad-Hochschrank ğŸ·ï¸ Auch online
   Angebotspreis: 49.99 â‚¬
   Statt: 57.99 â‚¬
   Rabatt: -13.0%
   Marke: Livarno
   Aktionstyp: regular
   ğŸŸ¢ Confidence: high
   Seite: 29

176. Livarno Waschbecken-Unterschrank ğŸ·ï¸ Auch online
   Angebotspreis: 29.99 â‚¬
   Statt: 37.99 â‚¬
   Rabatt: -21.0%
   Marke: Livarno
   Aktionstyp: regular
   ğŸŸ¢ Confidence: high
   Seite: 29

177. Livarno Nischen-Hochschrank ğŸ·ï¸ Auch online
   Angebotspreis: 29.99 â‚¬
   Marke: Livarno
   Aktionstyp: regular
   ğŸŸ¢ Confidence: high
   Seite: 29

178. Livarno Home Duroplast WC-Sitz ğŸ·ï¸ Auch online
   Angebotspreis: 12.99 â‚¬
   Statt: 21.99 â‚¬
   Rabatt: -40.0%
   Marke: Livarno
   Aktionstyp: regular
   ğŸŸ¢ Confidence: high
   Seite: 29

179. Livarno Raumklimastation mit Warnfunktion ğŸ·ï¸ Auch online
   Angebotspreis: 7.99 â‚¬
   Statt: 9.99 â‚¬
   Rabatt: -20.0%
   Marke: Livarno
   Aktionstyp: regular
   ğŸŸ¢ Confidence: high
   Seite: 29

180. Livarno LED-Badleuchte ğŸ·ï¸ Auch online
   Angebotspreis: 7.99 â‚¬
   Statt: 9.99 â‚¬
   Rabatt: -20.0%
   Marke: Livarno
   Aktionstyp: regular
   ğŸŸ¢ Confidence: high
   Seite: 29

181. Livarno Badematte
   Angebotspreis: 3.99 â‚¬
   Marke: Livarno
   Aktionstyp: regular
   ğŸŸ¢ Confidence: high
   Seite: 29

182. Livarno Frotier-HandtÃ¼cher/Duschtuch
   Angebotspreis: 7.99 â‚¬
   Marke: Livarno
   Aktionstyp: regular
   ğŸŸ¢ Confidence: high
   Seite: 29

183. Livarno Teleskop-Badregal ğŸ·ï¸ Auch online
   Angebotspreis: 19.99 â‚¬
   Marke: Livarno
   Aktionstyp: regular
   ğŸŸ¢ Confidence: high
   Seite: 11

184. Livarno Bademantel ğŸ·ï¸ FÃ¼r sie und ihn
   Angebotspreis: 8.99 â‚¬
   Marke: Livarno
   Aktionstyp: regular
   ğŸŸ¢ Confidence: high
   Seite: 11

185. Cien Beauty LED-Kosmetikspiegel
   Angebotspreis: 14.99 â‚¬
   Marke: Cien
   Aktionstyp: regular
   ğŸŸ¢ Confidence: high
   Seite: 11

186. Remington Bartschneider
   Angebotspreis: 19.99 â‚¬
   UVP: 51.99 â‚¬
   Rabatt: -61.0%
   Marke: Remington
   Aktionstyp: regular
   ğŸŸ¢ Confidence: high
   Seite: 11

187. Sanitas ManikÃ¼re-/PedikÃ¼re-Set ğŸ·ï¸ Auch online
   Angebotspreis: 17.99 â‚¬
   UVP: 55.99 â‚¬
   Rabatt: -67.0%
   Marke: Sanitas
   Aktionstyp: regular
   ğŸŸ¢ Confidence: high
   Seite: 11

188. Sansibar Frottierware ğŸ·ï¸ Nur online
   Angebotspreis: 9.99 â‚¬
   Statt: 14.99 â‚¬
   Rabatt: -33.0%
   Aktionstyp: regular
   ğŸŸ¢ Confidence: high
   Seite: 31

189. Livarno Seitenschrank ğŸ·ï¸ Nur online
   Angebotspreis: 34.99 â‚¬
   Statt: 47.99 â‚¬
   Rabatt: -27.0%
   Aktionstyp: regular
   ğŸŸ¢ Confidence: high
   Seite: 31

190. Remington Haartrockner ğŸ·ï¸ UVP
   Angebotspreis: 19.99 â‚¬
   UVP: 76.99 â‚¬
   Rabatt: -74.0%
   Variante: Typ AC5995 Pearl Pro Ionic
   Marke: Remington
   Aktionstyp: regular
   ğŸŸ¢ Confidence: high
   Seite: 31

191. Ionen-HaarglÃ¤tter ğŸ·ï¸ Nur online
   Angebotspreis: 14.99 â‚¬
   Statt: 24.99 â‚¬
   Rabatt: -40.0%
   Variante: Typ HRC 80 Rita Ora
   Aktionstyp: regular
   ğŸŸ¢ Confidence: high
   Seite: 31

192. Oral-B Elektrische ZahnbÃ¼rste ğŸ·ï¸ UVP
   Angebotspreis: 39.99 â‚¬
   UVP: 69.99 â‚¬
   Rabatt: -42.0%
   Variante: Typ 10 Simply Clean Ocean Blue
   Marke: Oral-B
   Aktionstyp: regular
   ğŸŸ¢ Confidence: high
   Seite: 31

193. Sansibar Wohndecke ğŸ·ï¸ Nur online
   Angebotspreis: 19.99 â‚¬
   Statt: 23.99 â‚¬
   Rabatt: -16.0%
   Aktionstyp: regular
   ğŸŸ¢ Confidence: high
   Seite: 31

194. Tronic Luftentfeuchter ğŸ·ï¸ Nur online
   Angebotspreis: 119.00 â‚¬
   Statt: 149.00 â‚¬
   Rabatt: -20.0%
   Variante: Typ 201 KAT TE 20.7
   Marke: Tronic
   Aktionstyp: regular
   ğŸŸ¢ Confidence: high
   Seite: 31

195. 10 â‚¬ Extra fÃ¼r alle Neukunden
   Angebotspreis: 10.00 â‚¬
   Marke: Lidl Connect
   Aktionstyp: regular
   ğŸŸ¢ Confidence: high
   Seite: 9

196. 10 GB gratis
   âš ï¸  Preis unklar, Kandidaten:
      - 10.0 â‚¬ (unknown): GB gratis
   Marke: Lidl Connect
   Aktionstyp: regular
   ğŸŸ¡ Confidence: medium
   Seite: 9

197. 10x Reisegewinne
   âš ï¸  Preis unklar, Kandidaten:
      - 10.0 â‚¬ (unknown): Reisegewinne
   Marke: Lidl Connect
   Aktionstyp: regular
   ğŸŸ¡ Confidence: medium
   Seite: 9

198. 1x Traumurlaub im Wert von bis zu 5.000 â‚¬
   UVP: 5000.00 â‚¬
   âš ï¸  Preis unklar, Kandidaten:
      - 5000.0 â‚¬ (uvp): im Wert von bis zu
   Aktionstyp: regular
   ğŸŸ¡ Confidence: medium
   Seite: 9

199. 1x Familienurlaub im Wert von bis zu 1.500 â‚¬
   UVP: 1500.00 â‚¬
   âš ï¸  Preis unklar, Kandidaten:
      - 1500.0 â‚¬ (uvp): im Wert von bis zu
   Aktionstyp: regular
   ğŸŸ¡ Confidence: medium
   Seite: 9

200. 4x Ticket & Hotel Gutscheine fÃ¼r Therme Erding
   Aktionstyp: regular
   ğŸ”´ Confidence: low
   Seite: 9

201. 4x Ticket & Hotel Gutscheine fÃ¼r Tropical Islands
   Aktionstyp: regular
   ğŸ”´ Confidence: low
   Seite: 9

202. Kapuzensweatshirt
   Angebotspreis: 8.99 â‚¬
   Statt: 11.99 â‚¬
   Rabatt: -25.0%
   Marke: Minecraft
   Aktionstyp: regular
   ğŸŸ¢ Confidence: high
   Seite: 33

203. Jogginghose
   Angebotspreis: 7.99 â‚¬
   Statt: 9.99 â‚¬
   Rabatt: -20.0%
   Marke: Minecraft
   Aktionstyp: regular
   ğŸŸ¢ Confidence: high
   Seite: 33

204. T-Shirt
   Angebotspreis: 3.99 â‚¬
   Statt: 4.99 â‚¬
   Rabatt: -20.0%
   Marke: Minecraft
   Aktionstyp: regular
   ğŸŸ¢ Confidence: high
   Seite: 33

205. Boxer
   Angebotspreis: 4.99 â‚¬
   Statt: 6.99 â‚¬
   Rabatt: -28.0%
   Marke: Minecraft
   Aktionstyp: regular
   ğŸŸ¢ Confidence: high
   Seite: 33

206. Schlafanzug
   Angebotspreis: 8.99 â‚¬
   Rabatt: -30.0%
   Marke: Minecraft
   Aktionstyp: regular
   ğŸŸ¢ Confidence: high
   Seite: 33

207. Minecraft Fackellampe
   Angebotspreis: 14.99 â‚¬
   UVP: 39.99 â‚¬
   Rabatt: -62.0%
   Aktionstyp: regular
   ğŸŸ¢ Confidence: high
   Seite: 33

208. Hn8 Schlafsysteme Matratzen-Topper ğŸ·ï¸ Nur online
   Angebotspreis: 99.99 â‚¬
   Variante: Modell â€Surf 100â€œ: Mit 7-Zonen Gelschaum-Kern, Cool-Effect Bezug
   Marke: Hn8
   Aktionstyp: regular
   ğŸŸ¢ Confidence: high
   Seite: 13

209. Hn8 Schlafsysteme 7-Zonen Taschenfederkernmatratze ğŸ·ï¸ Nur online
   Angebotspreis: 179.00 â‚¬
   Variante: Modell â€XXL Gelstar T-1000â€œ
   Marke: Hn8
   Aktionstyp: regular
   ğŸŸ¢ Confidence: high
   Seite: 13

210. Irisette Matratze Smart HS ğŸ·ï¸ Nur online
   Angebotspreis: 136.00 â‚¬
   Variante: Elastischer Sitzkomfort, Intensive Luftzirkulation
   Aktionstyp: regular
   ğŸŸ¢ Confidence: high
   Seite: 13

211. Baldette Premium Feder-/Daunen-Kopfkissen/-Kassettenbettdecke ğŸ·ï¸ Nur online
   Angebotspreis: 24.99 â‚¬
   UVP: 59.00 â‚¬
   Rabatt: -57.0%
   Variante: Modell â€Eleganceâ€œ: Bezug: reine Baumwolle
   Marke: Baldette
   Aktionstyp: regular
   ğŸŸ¢ Confidence: high
   Seite: 13

212. Bettdecke (warm) ğŸ·ï¸ Nur online
   Angebotspreis: 89.99 â‚¬
   Rabatt: -69.0%
   Variante: ca. 135 x 200 cm
   Aktionstyp: regular
   ğŸŸ¢ Confidence: high
   Seite: 13

213. Singer NÃ¤hmaschine ğŸ·ï¸ Extra hoher NÃ¤hfuÃŸhub ğŸ·ï¸ Auch online
   Angebotspreis: 149.00 â‚¬
   UVP: 349.00 â‚¬
   Rabatt: -57.0%
   Variante: Typ â€2282 Traditionâ€œ
   Marke: Singer
   Aktionstyp: regular
   ğŸŸ¢ Confidence: high
   Seite: 35

214. TopmoveÂ® NÃ¤hmaschinentasche ğŸ·ï¸ Auch mit umlaufender Ã–ffnung erhÃ¤ltlich
   Angebotspreis: 12.99 â‚¬
   Marke: Topmove
   Aktionstyp: regular
   ğŸŸ¢ Confidence: high
   Seite: 35

215. CrelandoÂ® NÃ¤hartikel-Sortiment ğŸ·ï¸ Weitere Varianten erhÃ¤ltlich
   Angebotspreis: 1.49 â‚¬
   Marke: Crelando
   Aktionstyp: regular
   ğŸŸ¢ Confidence: high
   Seite: 35

216. CrelandoÂ® Schneidematte mit ZubehÃ¶r
   Angebotspreis: 14.99 â‚¬
   Variante: 31-teilig
   Marke: Crelando
   Aktionstyp: regular
   ğŸŸ¢ Confidence: high
   Seite: 35

217. CrelandoÂ® NÃ¤hzubehÃ¶r-Aufbewahrungsbox ğŸ·ï¸ Auch online
   Angebotspreis: 5.99 â‚¬
   Statt: 7.99 â‚¬
   Rabatt: -25.0%
   Marke: Crelando
   Aktionstyp: regular
   ğŸŸ¢ Confidence: high
   Seite: 35

218. Kinder-KostÃ¼m
   Angebotspreis: 7.19 â‚¬
   Variante: 100 % Polyester, GrÃ¶ÃŸen: 110/116â€“134/140, Je Set
   Aktionstyp: regular
   ğŸŸ¢ Confidence: high
   Seite: 15

219. Party Factory Gesichts-Tattoo
   Angebotspreis: 3.99 â‚¬
   Statt: 5.99 â‚¬
   Rabatt: -33.0%
   Variante: Je Set
   Marke: Party Factory
   Aktionstyp: regular
   ğŸŸ¢ Confidence: high
   Seite: 15

220. Kinder-Umhang ğŸ·ï¸ Tiefpreis Garantie
   Angebotspreis: 4.99 â‚¬
   Variante: Mit Klettverschluss, 100 % Polyester, GrÃ¶ÃŸen: 98/110, Je StÃ¼ck
   Aktionstyp: regular
   ğŸŸ¢ Confidence: high
   Seite: 15

221. Livarno Home Folienballon/Partyartikel ğŸ“± LIDL PLUS
   Angebotspreis: 0.67 â‚¬
   Rabatt: -33.0%
   Variante: Folienballons mit Luft befÃ¼llbar, Je StÃ¼ck/Set
   Mengenrabatt: Mit Lidl Plus ab 3 StÃ¼ck/Sets
   Marke: Livarno Home
   Aktionstyp: lidl_plus
   ğŸŸ¢ Confidence: high
   Seite: 15

222. Party Factory Ballongas ğŸ·ï¸ Tiefpreis Garantie
   Angebotspreis: 15.99 â‚¬
   Statt: 29.95 â‚¬
   Rabatt: -46.0%
   Variante: Helium-Einwegzylinder mit FÃ¼llventil, Helium-Flasche mit 6,8 l (0,2 mÂ³ Helium), Ausgelegt in Deutsch
   Marke: Party Factory
   Aktionstyp: regular
   ğŸŸ¢ Confidence: high
   Seite: 15

223. Esmara Nicki-Hausanzug ğŸ·ï¸ Tiefpreis Garantie ğŸ·ï¸ Auch online
   Angebotspreis: 9.99 â‚¬
   Statt: 14.99 â‚¬
   Rabatt: -33.0%
   Marke: Esmara
   Aktionstyp: regular
   ğŸŸ¢ Confidence: high
   Seite: 1

224. Esmara Gerippter Strickpullover ğŸ·ï¸ Auch online
   Angebotspreis: 8.99 â‚¬
   Marke: Esmara
   Aktionstyp: regular
   ğŸŸ¢ Confidence: high
   Seite: 1

225. Esmara 2 Leggings ğŸ·ï¸ Auch online
   Angebotspreis: 6.99 â‚¬
   Marke: Esmara
   Aktionstyp: regular
   ğŸŸ¢ Confidence: high
   Seite: 1

226. Esmara Velours-Leggings
   Angebotspreis: 5.99 â‚¬
   Statt: 7.99 â‚¬
   Rabatt: -25.0%
   Marke: Esmara
   Aktionstyp: regular
   ğŸŸ¢ Confidence: high
   Seite: 1

227. Esmara Sweathose ğŸ·ï¸ Auch online
   Angebotspreis: 7.49 â‚¬
   Marke: Esmara
   Aktionstyp: regular
   ğŸŸ¢ Confidence: high
   Seite: 1

228. Mexx Slips
   Angebotspreis: 9.99 â‚¬
   UVP: 29.95 â‚¬
   Rabatt: -66.0%
   Marke: Mexx
   Aktionstyp: regular
   ğŸŸ¢ Confidence: high
   Seite: 1

229. Mexx 2 T-Shirts
   Angebotspreis: 12.99 â‚¬
   UVP: 39.95 â‚¬
   Rabatt: -67.0%
   Marke: Mexx
   Aktionstyp: regular
   ğŸŸ¢ Confidence: high
   Seite: 38

230. Mexx 2 Boxershorts
   Angebotspreis: 7.99 â‚¬
   UVP: 39.95 â‚¬
   Rabatt: -80.0%
   Marke: Mexx
   Aktionstyp: regular
   ğŸŸ¢ Confidence: high
   Seite: 38

231. Mexx 3 Paar Socken
   Angebotspreis: 4.99 â‚¬
   UVP: 14.95 â‚¬
   Rabatt: -66.0%
   Marke: Mexx
   Aktionstyp: regular
   ğŸŸ¢ Confidence: high
   Seite: 38

232. Esmara Men Troyer ğŸ·ï¸ Auch online
   Angebotspreis: 12.99 â‚¬
   Statt: 16.99 â‚¬
   Rabatt: -23.0%
   Marke: Esmara
   Aktionstyp: regular
   ğŸŸ¢ Confidence: high
   Seite: 38

233. Esmara Men Sweatshose ğŸ·ï¸ Auch online
   Angebotspreis: 7.49 â‚¬
   Marke: Esmara
   Aktionstyp: regular
   ğŸŸ¢ Confidence: high
   Seite: 38

234. Esmara Men Cargo-Joggers ğŸ·ï¸ Auch online
   Angebotspreis: 12.99 â‚¬
   Statt: 16.99 â‚¬
   Rabatt: -23.0%
   Marke: Esmara
   Aktionstyp: regular
   ğŸŸ¢ Confidence: high
   Seite: 38

235. LupiluÂ® Baby-Strickjacke/-Strickhose ğŸ·ï¸ Auch online
   Angebotspreis: 5.99 â‚¬
   Statt: 7.99 â‚¬
   Rabatt: -25.0%
   Marke: Lupilu
   Aktionstyp: regular
   ğŸŸ¢ Confidence: high
   Seite: 39

236. LupiluÂ® Baby-Crinklekleid ğŸ·ï¸ Auch online
   Angebotspreis: 4.99 â‚¬
   Statt: 6.99 â‚¬
   Rabatt: -28.0%
   Marke: Lupilu
   Aktionstyp: regular
   ğŸŸ¢ Confidence: high
   Seite: 39

237. LupiluÂ® Baby-Bodys ğŸ·ï¸ Auch online
   Angebotspreis: 4.99 â‚¬
   Statt: 6.99 â‚¬
   Rabatt: -28.0%
   Marke: Lupilu
   Aktionstyp: regular
   ğŸŸ¢ Confidence: high
   Seite: 39

238. LupiluÂ® Baby-Leder-Krabbelschuhe ğŸ·ï¸ Auch online
   Angebotspreis: 9.99 â‚¬
   Statt: 12.99 â‚¬
   Rabatt: -23.0%
   Marke: Lupilu
   Aktionstyp: regular
   ğŸŸ¢ Confidence: high
   Seite: 39

239. LupiluÂ® Gerippte Baby-Socken ğŸ·ï¸ Auch online
   Angebotspreis: 2.99 â‚¬
   Statt: 3.99 â‚¬
   Rabatt: -25.0%
   Marke: Lupilu
   Aktionstyp: regular
   ğŸŸ¢ Confidence: high
   Seite: 39

240. LupiluÂ® Baby-Jogginghose ğŸ·ï¸ Auch online
   Angebotspreis: 4.99 â‚¬
   Statt: 6.99 â‚¬
   Rabatt: -28.0%
   Marke: Lupilu
   Aktionstyp: regular
   ğŸŸ¢ Confidence: high
   Seite: 39

241. LupiluÂ® Mitwachsendes Geripptes Baby-Set ğŸ·ï¸ Mit Bio-Baumwolle
   Angebotspreis: 5.99 â‚¬
   Statt: 7.99 â‚¬
   Rabatt: -25.0%
   Marke: Lupilu
   Aktionstyp: regular
   ğŸŸ¢ Confidence: high
   Seite: 19

242. LupiluÂ® Baby-Fleece-Overall ğŸ·ï¸ Mit Bio-Baumwolle
   Angebotspreis: 9.99 â‚¬
   Statt: 12.99 â‚¬
   Rabatt: -23.0%
   Marke: Lupilu
   Aktionstyp: regular
   ğŸŸ¢ Confidence: high
   Seite: 19

243. LupiluÂ® Baby-Schlafoveralls ğŸ·ï¸ Mit Bio-Baumwolle
   Angebotspreis: 7.99 â‚¬
   Statt: 9.99 â‚¬
   Rabatt: -20.0%
   Marke: Lupilu
   Aktionstyp: regular
   ğŸŸ¢ Confidence: high
   Seite: 19

244. LupiluÂ® Baby-Schlafsack ğŸ·ï¸ Mit Bio-Baumwolle
   Angebotspreis: 7.99 â‚¬
   Statt: 9.99 â‚¬
   Rabatt: -20.0%
   Marke: Lupilu
   Aktionstyp: regular
   ğŸŸ¢ Confidence: high
   Seite: 19

245. Esmara Umstands-pyjama
   Angebotspreis: 12.99 â‚¬
   Statt: 16.99 â‚¬
   Rabatt: -23.0%
   Marke: Esmara
   Aktionstyp: regular
   ğŸŸ¢ Confidence: high
   Seite: 19

246. LupiluÂ® Baby-Reisebett ğŸ“± LIDL PLUS
   Angebotspreis: 24.99 â‚¬
   Statt: 29.99 â‚¬
   Rabatt: -21.0%
   Marke: Lupilu
   Aktionstyp: lidl_plus
   ğŸŸ¢ Confidence: high
   Seite: 19

247. LupiluÂ® Baby-Activity-Decke ğŸ·ï¸ Auch online
   Angebotspreis: 24.99 â‚¬
   Marke: Lupilu
   Aktionstyp: regular
   ğŸŸ¢ Confidence: high
   Seite: 41

248. LupiluÂ® Baby-Spielzeug ğŸ·ï¸ Auch online
   Angebotspreis: 6.99 â‚¬
   Statt: 8.99 â‚¬
   Rabatt: -22.0%
   Marke: Lupilu
   Aktionstyp: regular
   ğŸŸ¢ Confidence: high
   Seite: 41

249. Twistshake Rutschfeste Click Mat mit Teller ğŸ·ï¸ Auch online
   Angebotspreis: 9.99 â‚¬
   Statt: 34.99 â‚¬
   UVP: 34.99 â‚¬
   Rabatt: -71.0%
   Marke: Twistshake
   Aktionstyp: regular
   ğŸŸ¢ Confidence: high
   Seite: 41

250. LupiluÂ® Baby-Motorikspielzeug ğŸ·ï¸ Weitere Variante erhÃ¤ltlich
   Angebotspreis: 2.99 â‚¬
   Marke: Lupilu
   Aktionstyp: regular
   ğŸŸ¢ Confidence: high
   Seite: 41

251. LupiluÂ® Baby-Musikspielzeug ğŸ·ï¸ Auch online ğŸ·ï¸ Weitere Variante erhÃ¤ltlich
   Angebotspreis: 7.99 â‚¬
   Statt: 9.99 â‚¬
   Rabatt: -20.0%
   Marke: Lupilu
   Aktionstyp: regular
   ğŸŸ¢ Confidence: high
   Seite: 41

252. LupiluÂ® KinderwagenzubehÃ¶r ğŸ·ï¸ Weitere Variante erhÃ¤ltlich
   Angebotspreis: 3.99 â‚¬
   Marke: Lupilu
   Aktionstyp: regular
   ğŸŸ¢ Confidence: high
   Seite: 41

253. Nuk Trinkbecher/-lernbecher ğŸ·ï¸ Weitere Variante erhÃ¤ltlich
   Angebotspreis: 14.99 â‚¬
   Statt: 17.99 â‚¬
   Rabatt: -16.0%
   Marke: Nuk
   Aktionstyp: regular
   ğŸŸ¢ Confidence: high
   Seite: 41

254. Fisher-Price Baby-AktivitÃ¤ts-BeiÃŸring ğŸ·ï¸ Weitere Variante erhÃ¤ltlich
   Angebotspreis: 4.99 â‚¬
   Statt: 6.99 â‚¬
   Rabatt: -28.0%
   Marke: Fisher-Price
   Aktionstyp: regular
   ğŸŸ¢ Confidence: high
   Seite: 41

255. LupiluÂ® Kinderwagen-Mitfahrbrett ğŸ·ï¸ Auch online
   Angebotspreis: 24.99 â‚¬
   Statt: 32.99 â‚¬
   Rabatt: -24.0%
   Marke: Lupilu
   Aktionstyp: regular
   ğŸŸ¢ Confidence: high
   Seite: 41

256. Cybex Kinderautositz ğŸ·ï¸ Nur online
   Angebotspreis: 89.99 â‚¬
   UVP: 229.95 â‚¬
   Rabatt: -60.0%
   Variante: Modell â€Solution X-Fixâ€œ
   Marke: Cybex
   Aktionstyp: regular
   ğŸŸ¢ Confidence: high
   Seite: 21

257. Fisher-Price Schlummer-Otter ğŸ·ï¸ Nur online
   Angebotspreis: 24.99 â‚¬
   UVP: 48.99 â‚¬
   Rabatt: -48.0%
   Marke: Fisher-Price
   Aktionstyp: regular
   ğŸŸ¢ Confidence: high
   Seite: 21

258. Maxi Cosi Kinderwagen ğŸ·ï¸ Nur online
   Angebotspreis: 199.00 â‚¬
   UVP: 359.99 â‚¬
   Rabatt: -44.0%
   Variante: Modell â€Zelia3â€œ
   Marke: Maxi Cosi
   Aktionstyp: regular
   ğŸŸ¢ Confidence: high
   Seite: 21

259. Roba Stubenbett ğŸ·ï¸ Nur online
   Angebotspreis: 129.00 â‚¬
   UVP: 309.90 â‚¬
   Rabatt: -58.0%
   Marke: Roba
   Aktionstyp: regular
   ğŸŸ¢ Confidence: high
   Seite: 21

260. Safety 1st TÃ¼rschutzgitter ğŸ·ï¸ Nur online
   Angebotspreis: 24.99 â‚¬
   UVP: 54.99 â‚¬
   Rabatt: -54.0%
   Variante: Modell â€Quick Closeâ€œ
   Marke: Safety 1st
   Aktionstyp: regular
   ğŸŸ¢ Confidence: high
   Seite: 21

261. Roba Treppenhochstuhl ğŸ·ï¸ Nur online
   Angebotspreis: 104.00 â‚¬
   UVP: 214.90 â‚¬
   Rabatt: -51.0%
   Variante: Modell â€Born Upâ€œ
   Marke: Roba
   Aktionstyp: regular
   ğŸŸ¢ Confidence: high
   Seite: 21

262. Hammer Kraftstation Modell â€FERRUM TX2â€œ ğŸ·ï¸ Nur online
   Angebotspreis: 599.00 â‚¬
   UVP: 999.00 â‚¬
   Rabatt: -40.0%
   Marke: Hammer
   Aktionstyp: regular
   ğŸŸ¢ Confidence: high
   Seite: 43

263. Hammer Trampolin Modell â€Cross Jumpâ€œ ğŸ·ï¸ Nur online
   Angebotspreis: 99.99 â‚¬
   UVP: 199.95 â‚¬
   Rabatt: -49.0%
   Marke: Hammer
   Aktionstyp: regular
   ğŸŸ¢ Confidence: high
   Seite: 43

264. Christopeit Sport Heimtrainer Modell â€AL1â€œ ğŸ·ï¸ Nur online
   Angebotspreis: 159.00 â‚¬
   Marke: Christopeit
   Aktionstyp: regular
   ğŸŸ¢ Confidence: high
   Seite: 43

265. Christopeit Sport Sitz-Ergometer Modell â€RS 4000â€œ ğŸ·ï¸ Nur online
   Angebotspreis: 299.00 â‚¬
   Marke: Christopeit
   Aktionstyp: regular
   ğŸŸ¢ Confidence: high
   Seite: 43

266. Christopeit Sport Wasser-RudergerÃ¤t Modell â€WP 2000â€œ ğŸ·ï¸ Nur online
   Angebotspreis: 279.00 â‚¬
   Marke: Christopeit
   Aktionstyp: regular
   ğŸŸ¢ Confidence: high
   Seite: 43

267. Crivit Hantel, 4 kg
   Angebotspreis: 6.99 â‚¬
   Statt: 12.99 â‚¬
   Rabatt: -46.0%
   Marke: Crivit
   Aktionstyp: regular
   ğŸŸ¢ Confidence: high
   Seite: 43

268. Delonghi SiebtrÃ¤germaschine ğŸ·ï¸ Nur online
   Angebotspreis: 99.99 â‚¬
   UVP: 179.90 â‚¬
   Rabatt: -44.0%
   Variante: Typ. EMM540.M
   Marke: Delonghi
   Aktionstyp: regular
   ğŸŸ¢ Confidence: high
   Seite: 44

269. Russell Hobbs HeiÃŸluftfritteuse ğŸ·ï¸ Nur online
   Angebotspreis: 48.99 â‚¬
   UVP: 129.99 â‚¬
   Rabatt: -62.0%
   Variante: Modell Satisfry Panoramic 27421-56
   Marke: Russell Hobbs
   Aktionstyp: regular
   ğŸŸ¢ Confidence: high
   Seite: 44

270. Elo Topfset, 7-tlg. ğŸ·ï¸ Nur online
   Angebotspreis: 44.99 â‚¬
   UVP: 129.00 â‚¬
   Rabatt: -65.0%
   Variante: Modell Galactica: Je Set
   Marke: Elo
   Aktionstyp: regular
   ğŸŸ¢ Confidence: high
   Seite: 44

271. Leonardo ThermoglÃ¤ser ğŸ·ï¸ Nur online
   Angebotspreis: 7.99 â‚¬
   UVP: 14.99 â‚¬
   Rabatt: -46.0%
   Variante: Modell Tavolino
   Marke: Leonardo
   Aktionstyp: regular
   ğŸŸ¢ Confidence: high
   Seite: 44

272. Silvercrest Kaffeemaschine
   Angebotspreis: 19.99 â‚¬
   Variante: Typ. SKMK 1000 A1
   Marke: Silvercrest
   Aktionstyp: regular
   ğŸŸ¢ Confidence: high
   Seite: 44

273. Melitta Kaffeevollautomat ğŸ·ï¸ Nur online
   Angebotspreis: 569.00 â‚¬
   Variante: Typ: CI Touch
   Marke: Melitta
   Aktionstyp: regular
   ğŸŸ¢ Confidence: high
   Seite: 45

274. Krups Kaffeemaschine ğŸ·ï¸ Nur online
   Angebotspreis: 37.99 â‚¬
   Variante: Typ: NescafÃ© Dolce Gusto Piccolo X PAS
   Marke: Krups
   Aktionstyp: regular
   ğŸŸ¢ Confidence: high
   Seite: 45

275. Emsa Isolierbecher ğŸ·ï¸ Nur online
   Angebotspreis: 12.99 â‚¬
   UVP: 39.99 â‚¬
   Grundpreis: 0.50 â‚¬/l
   Rabatt: -67.0%
   Variante: Modell â€Travel Mug Essentialâ€œ
   Marke: Emsa
   Aktionstyp: regular
   ğŸŸ¢ Confidence: high
   Seite: 45

276. Silit Besteck-Set ğŸ·ï¸ Nur online
   Angebotspreis: 41.99 â‚¬
   UVP: 89.99 â‚¬
   Rabatt: -53.0%
   Variante: Modell â€Trendâ€œ
   Marke: Silit
   Aktionstyp: regular
   ğŸŸ¢ Confidence: high
   Seite: 45

277. Philips HeiÃŸluftfritteuse
   Angebotspreis: 99.99 â‚¬
   UVP: 199.99 â‚¬
   Grundpreis: 7.10 â‚¬/l
   Rabatt: -50.0%
   Variante: Typ: Flexibasket HD9650/90
   Marke: Philips
   Aktionstyp: regular
   ğŸŸ¢ Confidence: high
   Seite: 45

278. Tefal Optigrill XL
   Angebotspreis: 139.00 â‚¬
   UVP: 259.99 â‚¬
   Rabatt: -46.0%
   Variante: Typ: GC722834
   Marke: Tefal
   Aktionstyp: regular
   ğŸŸ¢ Confidence: high
   Seite: 45

279. Singer Computer-NÃ¤hmaschine ğŸ·ï¸ Nur online
   Angebotspreis: 169.00 â‚¬
   UVP: 369.00 â‚¬
   Rabatt: -54.0%
   Variante: Typ. Serenade 6600
   Marke: Singer
   Aktionstyp: regular
   ğŸŸ¢ Confidence: high
   Seite: 23

280. Singer Overlock-NÃ¤hmaschine ğŸ·ï¸ Nur online
   Angebotspreis: 169.00 â‚¬
   UVP: 449.00 â‚¬
   Rabatt: -62.0%
   Variante: Typ. 5010C
   Marke: Singer
   Aktionstyp: regular
   ğŸŸ¢ Confidence: high
   Seite: 23

281. Rowenta DampfbÃ¼gelstation ğŸ·ï¸ Nur online
   Angebotspreis: 149.00 â‚¬
   UVP: 259.99 â‚¬
   Rabatt: -42.0%
   Variante: Typ. Compact Steam Pro DG7623
   Marke: Rowenta
   Aktionstyp: regular
   ğŸŸ¢ Confidence: high
   Seite: 23

282. Vileda Dampfreiniger ğŸ·ï¸ Nur online
   Angebotspreis: 69.99 â‚¬
   UVP: 144.99 â‚¬
   Rabatt: -51.0%
   Variante: Typ. Steam XXL
   Marke: Vileda
   Aktionstyp: regular
   ğŸŸ¢ Confidence: high
   Seite: 23

283. Aeg Akku-Staubsauger ğŸ·ï¸ Nur online
   Angebotspreis: 119.00 â‚¬
   UVP: 249.95 â‚¬
   Rabatt: -52.0%
   Variante: Typ. AP81CB21DB
   Marke: Aeg
   Aktionstyp: regular
   ğŸŸ¢ Confidence: high
   Seite: 23

284. Eufy Saug- und Wischroboter mit Absaugstation
   Angebotspreis: 229.00 â‚¬
   UVP: 399.00 â‚¬
   Rabatt: -42.0%
   Marke: Eufy
   Aktionstyp: regular
   ğŸŸ¢ Confidence: high
   Seite: 23

285. Silvercrest Saugroboter mit Absaugstation ğŸ·ï¸ Nur online
   Angebotspreis: 99.99 â‚¬
   UVP: 199.00 â‚¬
   Rabatt: -49.0%
   Variante: Typ. SSR A1
   Marke: Silvercrest
   Aktionstyp: regular
   ğŸŸ¢ Confidence: high
   Seite: 23

286. SilvercrestÂ® Frischhaltedosen-Set ğŸ·ï¸ Auch online
   Angebotspreis: 4.99 â‚¬
   Marke: Silvercrest
   Aktionstyp: regular
   ğŸŸ¢ Confidence: high
   Seite: 4

287. SilvercrestÂ® Isolierflaschen ğŸ·ï¸ Auch online
   Angebotspreis: 3.99 â‚¬
   Marke: Silvercrest
   Aktionstyp: regular
   ğŸŸ¢ Confidence: high
   Seite: 4

288. SilvercrestÂ® SchÃ¼ssel-Set ğŸ·ï¸ Auch online
   Angebotspreis: 5.99 â‚¬
   Marke: Silvercrest
   Aktionstyp: regular
   ğŸŸ¢ Confidence: high
   Seite: 4

289. SilvercrestÂ® Haushaltshelfer ğŸ“± LIDL PLUS
   Angebotspreis: 1.33 â‚¬
   Rabatt: -33.0%
   Mengenrabatt: ab 3 StÃ¼ck/Set
   Marke: Silvercrest
   Aktionstyp: lidl_plus
   ğŸŸ¢ Confidence: high
   Seite: 4

290. SilvercrestÂ® Pump-Thermokanne
   Angebotspreis: 14.99 â‚¬
   Marke: Silvercrest
   Aktionstyp: regular
   ğŸŸ¢ Confidence: high
   Seite: 4

291. SilvercrestÂ® Schneidebrett
   Angebotspreis: 3.59 â‚¬
   Marke: Silvercrest
   Aktionstyp: regular
   ğŸŸ¢ Confidence: high
   Seite: 4

292. SilvercrestÂ® Alu-Minipfanne
   Angebotspreis: 3.59 â‚¬
   Marke: Silvercrest
   Aktionstyp: regular
   ğŸŸ¢ Confidence: high
   Seite: 4

293. Silvercrest Kitchen Tools Digitale HeiÃŸluft-Fritteuse XL
   Angebotspreis: 44.99 â‚¬
   Statt: 49.99 â‚¬
   Rabatt: -10.0%
   Marke: Silvercrest
   Aktionstyp: regular
   ğŸŸ¢ Confidence: high
   Seite: 25

294. Silvercrest Pancake-Pfanne
   Angebotspreis: 12.99 â‚¬
   Marke: Silvercrest
   Aktionstyp: regular
   ğŸŸ¢ Confidence: high
   Seite: 25

295. Silvercrest Elektrischer Pizzaofen
   Angebotspreis: 59.99 â‚¬
   Marke: Silvercrest
   Aktionstyp: regular
   ğŸŸ¢ Confidence: high
   Seite: 25

296. Silvercrest Kitchen Tools Mikrowelle
   Angebotspreis: 39.99 â‚¬
   Statt: 49.99 â‚¬
   Rabatt: -20.0%
   Marke: Silvercrest
   Aktionstyp: regular
   ğŸŸ¢ Confidence: high
   Seite: 25

297. Silvercrest Aluguss-Pfanne
   Angebotspreis: 13.49 â‚¬
   Marke: Silvercrest
   Aktionstyp: regular
   ğŸŸ¢ Confidence: high
   Seite: 25

298. Tefal OptiGrill
   Angebotspreis: 79.99 â‚¬
   UVP: 169.99 â‚¬
   Rabatt: -52.0%
   Marke: Tefal
   Aktionstyp: regular
   ğŸŸ¢ Confidence: high
   Seite: 25

299. Silvercrest Kitchen Tools Sandwichmaker
   Angebotspreis: 9.99 â‚¬
   Marke: Silvercrest
   Aktionstyp: regular
   ğŸŸ¢ Confidence: high
   Seite: 25

300. Philips Wasserkocher
   Angebotspreis: 19.99 â‚¬
   UVP: 39.99 â‚¬
   Rabatt: -50.0%
   Variante: Typ HD9318/10
   Marke: Philips
   Aktionstyp: regular
   ğŸŸ¢ Confidence: high
   Seite: 49

301. Philips Toaster
   Angebotspreis: 19.99 â‚¬
   UVP: 39.99 â‚¬
   Rabatt: -50.0%
   Variante: Typ HD2581/10
   Marke: Philips
   Aktionstyp: regular
   ğŸŸ¢ Confidence: high
   Seite: 49

302. Philips Kaffeepadmaschine
   Angebotspreis: 49.99 â‚¬
   Variante: Modell SENSEO HD6552/39
   Mengenrabatt: 32 Senseo Pads Gratis + 2 Senseo GlÃ¤ser im Karton
   Marke: Philips
   Aktionstyp: regular
   ğŸŸ¢ Confidence: high
   Seite: 49

303. Philips Handmixer ğŸ·ï¸ Auch online
   Angebotspreis: 24.99 â‚¬
   UVP: 39.99 â‚¬
   Rabatt: -37.0%
   Variante: Typ HR3740/00
   Marke: Philips
   Aktionstyp: regular
   ğŸŸ¢ Confidence: high
   Seite: 49

304. Philips Stabmixer ğŸ·ï¸ Auch online
   Angebotspreis: 24.99 â‚¬
   UVP: 29.99 â‚¬
   Rabatt: -16.0%
   Variante: Typ HR2522/00
   Marke: Philips
   Aktionstyp: regular
   ğŸŸ¢ Confidence: high
   Seite: 49

305. Philips Batterien
   Angebotspreis: 4.99 â‚¬
   Statt: 12.99 â‚¬
   Rabatt: -61.0%
   Marke: Philips
   Aktionstyp: regular
   ğŸŸ¢ Confidence: high
   Seite: 49

306. Philips Staubsauger, beutellos
   Angebotspreis: 69.99 â‚¬
   UVP: 99.99 â‚¬
   Rabatt: -30.0%
   Variante: Typ XB2122/09
   Marke: Philips
   Aktionstyp: regular
   ğŸŸ¢ Confidence: high
   Seite: 49

307. NFL Trikot ğŸ·ï¸ Auch online
   Angebotspreis: 14.99 â‚¬
   Variante: 100 % Polyester, GrÃ¶ÃŸen: S-XL, Je StÃ¼ck
   Aktionstyp: regular
   ğŸŸ¢ Confidence: high
   Seite: 27

308. NFL Sweathoodie ğŸ·ï¸ Auch online
   Angebotspreis: 9.99 â‚¬
   Variante: Baumwolle und Polyester, GrÃ¶ÃŸen: M-XL, Je StÃ¼ck
   Aktionstyp: regular
   ğŸŸ¢ Confidence: high
   Seite: 27

309. NFL Shorts ğŸ·ï¸ Auch online
   Angebotspreis: 9.99 â‚¬
   Variante: 100 % Polyester, GrÃ¶ÃŸen: S-XL, Je StÃ¼ck
   Aktionstyp: regular
   ğŸŸ¢ Confidence: high
   Seite: 27

310. NFL Snack-Helm ğŸ·ï¸ Auch online
   Angebotspreis: 15.99 â‚¬
   Statt: 19.99 â‚¬
   Rabatt: -20.0%
   Variante: FÃ¼r Chips, Kekse oder als EisbehÃ¤lter, Mit abnehmbarer Schale fÃ¼r z.B. Dips, KunststoffbehÃ¤lter spÃ¼l
   Aktionstyp: regular
   ğŸŸ¢ Confidence: high
   Seite: 27

311. Philips Soundbar 2.0 ğŸ·ï¸ Auch online
   Angebotspreis: 59.99 â‚¬
   UVP: 149.00 â‚¬
   Rabatt: -59.0%
   Variante: Typ_TABD509/10, Mit 4 EQ-Klangmodi und GesprÃ¤chsoptimierung, Bluetooth 5.1 mit LE-Audio-UnterstÃ¼tzun
   Marke: Philips
   Aktionstyp: regular
   ğŸŸ¢ Confidence: high
   Seite: 27

312. McEnnedy Football Box
   Angebotspreis: 4.99 â‚¬
   Grundpreis: 5.87 â‚¬/kg
   Variante: Tiefgefroren
   Marke: McEnnedy
   Aktionstyp: regular
   ğŸŸ¢ Confidence: high
   Seite: 51

313. McEnnedy Chicken Wings
   Angebotspreis: 4.49 â‚¬
   Grundpreis: 5.99 â‚¬/kg
   Variante: Mariniert in versch. Sorten. Tiefgefroren
   Marke: McEnnedy
   Aktionstyp: regular
   ğŸŸ¢ Confidence: high
   Seite: 51

314. McEnnedy American Style Chicken Nuggets
   Angebotspreis: 4.49 â‚¬
   Grundpreis: 8.98 â‚¬/kg
   Variante: Mit Curry Dip. Tiefgefroren
   Marke: McEnnedy
   Aktionstyp: regular
   ğŸŸ¢ Confidence: high
   Seite: 51

315. McEnnedy Chicken Wings/Bites/Crispies
   Angebotspreis: 2.69 â‚¬
   Grundpreis: 8.97 â‚¬/kg
   Variante: GekÃ¼hlt
   Marke: McEnnedy
   Aktionstyp: regular
   ğŸŸ¢ Confidence: high
   Seite: 51

316. McEnnedy Chicken Bites
   Angebotspreis: 7.99 â‚¬
   Grundpreis: 10.65 â‚¬/kg
   Variante: Versch. Sorten. Inklusive Sauce. GekÃ¼hlt
   Marke: McEnnedy
   Aktionstyp: regular
   ğŸŸ¢ Confidence: high
   Seite: 51

317. McEnnedy Lasagne
   Grundpreis: 4.49 â‚¬/kg
   âš ï¸  Preis unklar, Kandidaten:
      - 4.49 â‚¬ (offer): offer
   Marke: McEnnedy
   Aktionstyp: regular
   ğŸŸ¢ Confidence: high
   Seite: 29

318. McEnnedy Hot Dog WÃ¼rstchen
   Angebotspreis: 2.49 â‚¬
   Grundpreis: 8.30 â‚¬/kg
   Marke: McEnnedy
   Aktionstyp: regular
   ğŸŸ¢ Confidence: high
   Seite: 29

319. Coca-Cola
   Angebotspreis: 8.49 â‚¬
   Grundpreis: 4.50 â‚¬/l
   Rabatt: -52.0%
   Aktionstyp: regular
   ğŸŸ¢ Confidence: high
   Seite: 29

320. McEnnedy BBQ Salat
   Angebotspreis: 1.69 â‚¬
   Grundpreis: 4.83 â‚¬/kg
   Marke: McEnnedy
   Aktionstyp: regular
   ğŸŸ¢ Confidence: high
   Seite: 29

321. McEnnedy Sauce
   Angebotspreis: 1.79 â‚¬
   Grundpreis: 5.14 â‚¬/kg
   Marke: McEnnedy
   Aktionstyp: regular
   ğŸŸ¢ Confidence: high
   Seite: 29

322. Calypso Ocean Blue Lemonade
   Angebotspreis: 1.99 â‚¬
   Statt: 2.79 â‚¬
   Grundpreis: 4.21 â‚¬/l
   Rabatt: -28.0%
   Marke: Calypso
   Aktionstyp: regular
   ğŸŸ¢ Confidence: high
   Seite: 29

323. McEnnedy Double Burger
   Angebotspreis: 2.99 â‚¬
   Grundpreis: 9.97 â‚¬/kg
   Marke: McEnnedy
   Aktionstyp: regular
   ğŸŸ¢ Confidence: high
   Seite: 29

324. McEnnedy Curleys XXL ğŸ“± LIDL PLUS
   Angebotspreis: 2.49 â‚¬
   Statt: 2.99 â‚¬
   Grundpreis: 2.08 â‚¬/kg
   Rabatt: -16.0%
   Marke: McEnnedy
   Aktionstyp: lidl_plus
   ğŸŸ¢ Confidence: high
   Seite: 29

325. McEnnedy Spare Ribs
   Angebotspreis: 4.99 â‚¬
   Grundpreis: 9.98 â‚¬/kg
   Marke: McEnnedy
   Aktionstyp: regular
   ğŸŸ¢ Confidence: high
   Seite: 29

326. McEnedy American Style Pancakes
   Angebotspreis: 1.99 â‚¬
   Grundpreis: 6.63 â‚¬/kg
   Marke: McEnedy
   Aktionstyp: regular
   ğŸŸ¢ Confidence: high
   Seite: 53

327. McEnedy Muffins XXL
   Angebotspreis: 2.69 â‚¬
   Grundpreis: 4.98 â‚¬/kg
   Marke: McEnedy
   Aktionstyp: regular
   ğŸŸ¢ Confidence: high
   Seite: 53

328. McEnedy Ahornsirup
   Angebotspreis: 3.29 â‚¬
   Grundpreis: 13.16 â‚¬/l
   Marke: McEnedy
   Aktionstyp: regular
   ğŸŸ¢ Confidence: high
   Seite: 53

329. McEnedy Peanut Butter ğŸ·ï¸ VEGAN
   Angebotspreis: 2.29 â‚¬
   Grundpreis: 5.04 â‚¬/kg
   Marke: McEnedy
   Aktionstyp: regular
   ğŸŸ¢ Confidence: high
   Seite: 53

330. McEnedy Pastrami
   Angebotspreis: 1.99 â‚¬
   Grundpreis: 19.90 â‚¬/kg
   Marke: McEnedy
   Aktionstyp: regular
   ğŸŸ¢ Confidence: high
   Seite: 53

331. McEnedy Beef Jerky
   Angebotspreis: 1.99 â‚¬
   Grundpreis: 44.22 â‚¬/kg
   Marke: McEnedy
   Aktionstyp: regular
   ğŸŸ¢ Confidence: high
   Seite: 53

332. McEnedy Burger Slices
   Angebotspreis: 2.69 â‚¬
   Grundpreis: 13.45 â‚¬/kg
   Mengenrabatt: 12 Scheiben
   Marke: McEnedy
   Aktionstyp: regular
   ğŸŸ¢ Confidence: high
   Seite: 53

333. McEnedy Bagels
   Angebotspreis: 1.69 â‚¬
   Grundpreis: 4.97 â‚¬/kg
   Mengenrabatt: 4er-Pack
   Marke: McEnedy
   Aktionstyp: regular
   ğŸŸ¢ Confidence: high
   Seite: 53

334. USA â€“ New York ğŸ·ï¸ Inkl. Flug
   Angebotspreis: 999.00 â‚¬
   Aktionstyp: regular
   ğŸŸ¢ Confidence: high
   Seite: 53

335. McEnnedy Popcorn sÃ¼ÃŸ
   Angebotspreis: 2.49 â‚¬
   Grundpreis: 9.96 â‚¬/kg
   Marke: McEnnedy
   Aktionstyp: regular
   ğŸŸ¢ Confidence: high
   Seite: 54

336. McEnnedy Orangensaft XXL ğŸ·ï¸ VEGAN
   Angebotspreis: 4.49 â‚¬
   Grundpreis: 2.25 â‚¬/l
   Marke: McEnnedy
   Aktionstyp: regular
   ğŸŸ¢ Confidence: high
   Seite: 54

337. McEnnedy Soft Cookies
   Angebotspreis: 1.99 â‚¬
   Grundpreis: 8.84 â‚¬/kg
   Marke: McEnnedy
   Aktionstyp: regular
   ğŸŸ¢ Confidence: high
   Seite: 54

338. Southern Comfort Original ğŸ·ï¸ Auch online
   Angebotspreis: 9.99 â‚¬
   Grundpreis: 14.27 â‚¬/l
   Kategorie: alcohol
   Aktionstyp: restricted
   ğŸŸ¢ Confidence: high
   Seite: 54

339. Buffalo Trace Kentucky Straight Bourbon ğŸ·ï¸ Nur online
   Angebotspreis: 16.99 â‚¬
   UVP: 22.49 â‚¬
   Grundpreis: 24.27 â‚¬/l
   Rabatt: -24.0%
   Kategorie: alcohol
   Aktionstyp: restricted
   ğŸŸ¢ Confidence: high
   Seite: 54

340. McEnnedy Pommes-Snack
   Angebotspreis: 1.29 â‚¬
   Grundpreis: 7.37 â‚¬/kg
   Marke: McEnnedy
   Aktionstyp: regular
   ğŸŸ¢ Confidence: high
   Seite: 54

341. Takis ğŸ·ï¸ Im Aufsteller
   Angebotspreis: 2.99 â‚¬
   Grundpreis: 18.69 â‚¬/kg
   Aktionstyp: regular
   ğŸŸ¢ Confidence: high
   Seite: 54

342. Alesto Selection Kalifornische Pistazien XXL
   Angebotspreis: 5.99 â‚¬
   Grundpreis: 11.98 â‚¬/kg
   Rabatt: -14.0%
   Marke: Alesto
   Aktionstyp: regular
   ğŸŸ¢ Confidence: high
   Seite: 54

343. McEnnedy Jumbo Erdnussflips ğŸ·ï¸ VEGAN
   Angebotspreis: 1.99 â‚¬
   Grundpreis: 4.42 â‚¬/kg
   Marke: McEnnedy
   Aktionstyp: regular
   ğŸŸ¢ Confidence: high
   Seite: 54

344. McEnedy Crunchy Chicken Bucket
   Angebotspreis: 5.99 â‚¬
   Grundpreis: 9.22 â‚¬/kg
   Marke: McEnedy
   Aktionstyp: regular
   ğŸŸ¢ Confidence: high
   Seite: 55

345. McEnedy Chicken Popcorn
   Angebotspreis: 2.99 â‚¬
   Grundpreis: 9.97 â‚¬/kg
   Marke: McEnedy
   Aktionstyp: regular
   ğŸŸ¢ Confidence: high
   Seite: 55

346. McEnedy Stuffed Crust Pizza
   Angebotspreis: 3.69 â‚¬
   Grundpreis: 7.38 â‚¬/kg
   Marke: McEnedy
   Aktionstyp: regular
   ğŸŸ¢ Confidence: high
   Seite: 55

347. McEnedy American Style Snack Box
   Angebotspreis: 3.99 â‚¬
   Grundpreis: 8.87 â‚¬/kg
   Marke: McEnedy
   Aktionstyp: regular
   ğŸŸ¢ Confidence: high
   Seite: 55

348. McEnedy Pulled Turkey
   Angebotspreis: 4.99 â‚¬
   Grundpreis: 9.98 â‚¬/kg
   Marke: McEnedy
   Aktionstyp: regular
   ğŸŸ¢ Confidence: high
   Seite: 55

349. McEnedy Burger
   Angebotspreis: 2.49 â‚¬
   Grundpreis: 11.86 â‚¬/kg
   Marke: McEnedy
   Aktionstyp: regular
   ğŸŸ¢ Confidence: high
   Seite: 55

350. McEnedy Mac & Cheese
   Angebotspreis: 3.99 â‚¬
   Marke: McEnedy
   Aktionstyp: regular
   ğŸŸ¢ Confidence: high
   Seite: 55

351. McEnedy HÃ¤hnchenbrust FiletstÃ¼cke
   Angebotspreis: 1.99 â‚¬
   Grundpreis: 13.27 â‚¬/kg
   Marke: McEnedy
   Aktionstyp: regular
   ğŸŸ¢ Confidence: high
   Seite: 55

352. McEnnedy PartybÃ¤llchen
   Angebotspreis: 2.79 â‚¬
   Grundpreis: 9.96 â‚¬/kg
   Marke: McEnnedy
   Aktionstyp: regular
   ğŸŸ¢ Confidence: high
   Seite: 56

353. McEnnedy Tex Mex ReibekÃ¤se
   Angebotspreis: 1.99 â‚¬
   Grundpreis: 9.95 â‚¬/kg
   Marke: McEnnedy
   Aktionstyp: regular
   ğŸŸ¢ Confidence: high
   Seite: 56

354. McEnnedy Pancake-/Waffel-Backmischung
   Angebotspreis: 1.29 â‚¬
   Grundpreis: 5.81 â‚¬/kg
   Marke: McEnnedy
   Aktionstyp: regular
   ğŸŸ¢ Confidence: high
   Seite: 56

355. McEnnedy Pretzel Bites
   Angebotspreis: 1.19 â‚¬
   Grundpreis: 9.52 â‚¬/kg
   Marke: McEnnedy
   Aktionstyp: regular
   ğŸŸ¢ Confidence: high
   Seite: 56

356. McEnnedy Jelly Beans
   Angebotspreis: 1.79 â‚¬
   Grundpreis: 7.16 â‚¬/kg
   Marke: McEnnedy
   Aktionstyp: regular
   ğŸŸ¢ Confidence: high
   Seite: 56

357. McEnnedy Popcorn sÃ¼ÃŸ XXL ğŸ·ï¸ VEGAN
   Angebotspreis: 2.49 â‚¬
   Grundpreis: 4.98 â‚¬/kg
   Marke: McEnnedy
   Aktionstyp: regular
   ğŸŸ¢ Confidence: high
   Seite: 56

358. McEnnedy Streuselkuchen
   Angebotspreis: 2.79 â‚¬
   Grundpreis: 6.20 â‚¬/kg
   Marke: McEnnedy
   Aktionstyp: regular
   ğŸŸ¢ Confidence: high
   Seite: 56

359. McEnnedy Milchshake
   Angebotspreis: 0.65 â‚¬
   Grundpreis: 2.83 â‚¬/l
   Marke: McEnnedy
   Aktionstyp: regular
   ğŸŸ¢ Confidence: high
   Seite: 56

360. Porree ğŸ·ï¸ Deutschland's gÃ¼nstigster Preis
   Angebotspreis: 0.49 â‚¬
   Aktionstyp: regular
   ğŸŸ¢ Confidence: high
   Seite: 32

361. Cherrystrauchtomaten
   Angebotspreis: 2.99 â‚¬
   Grundpreis: 5.98 â‚¬/kg
   Aktionstyp: regular
   ğŸŸ¢ Confidence: high
   Seite: 32

362. Eisbergsalat ğŸ·ï¸ Bio
   Angebotspreis: 0.95 â‚¬
   Aktionstyp: regular
   ğŸŸ¢ Confidence: high
   Seite: 32

363. Bio Brokkoli ğŸ·ï¸ Bio
   Angebotspreis: 1.49 â‚¬
   Grundpreis: 3.73 â‚¬/kg
   Aktionstyp: regular
   ğŸŸ¢ Confidence: high
   Seite: 32

364. Metzgerfrisch Chicken Wings FlÃ¼ssig gewÃ¼rzt, gegart
   Angebotspreis: 6.99 â‚¬
   Grundpreis: 8.74 â‚¬/kg
   Marke: XXL
   Aktionstyp: regular
   ğŸŸ¢ Confidence: high
   Seite: 33

365. Metzgerfrisch HÃ¤hnchen Kebab
   Angebotspreis: 5.99 â‚¬
   Grundpreis: 7.49 â‚¬/kg
   Marke: XXL
   Aktionstyp: regular
   ğŸŸ¢ Confidence: high
   Seite: 33

366. Metzgerfrisch Schweine-BÃ¤llchen Versch. Sorten
   Angebotspreis: 5.99 â‚¬
   Aktionstyp: regular
   ğŸŸ¢ Confidence: high
   Seite: 33

367. Metzgerfrisch Frische Schweine-SchÃ¤lrippchen
   Angebotspreis: 4.79 â‚¬
   Marke: XXL
   Aktionstyp: regular
   ğŸŸ¢ Confidence: high
   Seite: 33

368. Metzgerfrisch Frische Kalbs-Leber ğŸ·ï¸ AKTION
   Angebotspreis: 6.99 â‚¬
   Grundpreis: 17.48 â‚¬/kg
   Aktionstyp: regular
   ğŸŸ¢ Confidence: high
   Seite: 33

369. Metzgerfrisch Frischer Rinder-Braten
   Angebotspreis: 14.99 â‚¬
   Aktionstyp: regular
   ğŸŸ¢ Confidence: high
   Seite: 33

370. Fischerstolz Ofen- und Grill-Lachs Versch. Sorten
   Angebotspreis: 6.79 â‚¬
   Grundpreis: 18.11 â‚¬/kg
   Marke: XXL
   Aktionstyp: regular
   ğŸŸ¢ Confidence: high
   Seite: 33

371. Metzgerfrisch Frisches Rinder-Suppenfleischpaket ğŸ·ï¸ AKTION
   Angebotspreis: 9.60 â‚¬
   Grundpreis: 11.99 â‚¬/kg
   Aktionstyp: regular
   ğŸŸ¢ Confidence: high
   Seite: 33

372. Dr. Oetker Vitalis MÃ¼sli ğŸ·ï¸ Tiefpreis Garantie
   Angebotspreis: 1.99 â‚¬
   UVP: 3.99 â‚¬
   Grundpreis: 2.65 â‚¬/kg
   Rabatt: -50.0%
   Variante: Versch. Sorten
   Marke: Dr. Oetker
   Aktionstyp: regular
   ğŸŸ¢ Confidence: high
   Seite: 59

373. Meggle Feine Butter/Streichzart
   Angebotspreis: 1.69 â‚¬
   Statt: 2.99 â‚¬
   Grundpreis: 6.76 â‚¬/kg
   Rabatt: -43.0%
   Variante: Versch. Sorten
   Marke: Meggle
   Aktionstyp: regular
   ğŸŸ¢ Confidence: high
   Seite: 59

374. Ehrmann High Protein Creatine Pudding
   Angebotspreis: 1.39 â‚¬
   Statt: 1.99 â‚¬
   Grundpreis: 6.04 â‚¬/kg
   Rabatt: -30.0%
   Variante: Versch. Sorten
   Marke: Ehrmann
   Aktionstyp: regular
   ğŸŸ¢ Confidence: high
   Seite: 59

375. Celebrations
   Angebotspreis: 3.99 â‚¬
   Grundpreis: 14.83 â‚¬/kg
   Rabatt: -38.0%
   Variante: Standardpackung
   Aktionstyp: regular
   ğŸŸ¢ Confidence: high
   Seite: 59

376. Danone Fruchtzwerge
   Angebotspreis: 1.49 â‚¬
   UVP: 2.39 â‚¬
   Grundpreis: 4.97 â‚¬/kg
   Rabatt: -37.0%
   Variante: Versch. Sorten, Je 6x 50g
   Marke: Danone
   Aktionstyp: regular
   ğŸŸ¢ Confidence: high
   Seite: 60

377. Arizona Tea XXL
   Angebotspreis: 1.39 â‚¬
   Grundpreis: 0.79 â‚¬/l
   Variante: Versch. Sorten, Je 1,75l
   Marke: Arizona
   Aktionstyp: regular
   ğŸŸ¢ Confidence: high
   Seite: 60

378. Lavazza Caffe Ganze Bohnen ğŸ“± LIDL PLUS
   Angebotspreis: 14.99 â‚¬
   Statt: 20.99 â‚¬
   Rabatt: -26.0%
   Variante: Cremoso, 1kg
   Marke: Lavazza
   Aktionstyp: lidl_plus
   ğŸŸ¢ Confidence: high
   Seite: 60

379. Dallmayr Prodomo ğŸ“± LIDL PLUS
   Angebotspreis: 7.99 â‚¬
   Statt: 10.49 â‚¬
   Grundpreis: 15.98 â‚¬/kg
   Rabatt: -23.0%
   Variante: Versch. Sorten, Je 500g
   Marke: Dallmayr
   Aktionstyp: lidl_plus
   ğŸŸ¢ Confidence: high
   Seite: 60

380. Granini Die Limo ğŸ·ï¸ Im Aufsteller
   Angebotspreis: 1.29 â‚¬
   Statt: 1.79 â‚¬
   Rabatt: -27.0%
   Variante: Versch. Sorten, Je 1l
   Marke: Granini
   Aktionstyp: regular
   ğŸŸ¢ Confidence: high
   Seite: 60

381. Freixenet Carta Sekt ğŸ·ï¸ Im Aufsteller
   Angebotspreis: 3.99 â‚¬
   Statt: 6.99 â‚¬
   Grundpreis: 5.32 â‚¬/l
   Rabatt: -42.0%
   Variante: Versch. Sorten, Je 0,75l
   Marke: Freixenet
   Kategorie: alcohol
   Aktionstyp: restricted
   ğŸŸ¢ Confidence: high
   Seite: 60

382. L'OrÃ©al Men Expert Duschgel
   Angebotspreis: 5.99 â‚¬
   Statt: 6.99 â‚¬
   Variante: XXXL, Versch. Sorten, Je 1l
   Marke: L'OrÃ©al
   Aktionstyp: regular
   ğŸŸ¢ Confidence: high
   Seite: 60

383. Febreze Car Lufterfrischer/Duftstecker ğŸ·ï¸ Im Aufsteller
   Angebotspreis: 5.99 â‚¬
   Statt: 7.49 â‚¬
   Grundpreis: 149.75 â‚¬/l
   Rabatt: -20.0%
   Variante: Versch. Sorten, Je 40/70ml
   Marke: Febreze
   Aktionstyp: regular
   ğŸŸ¢ Confidence: high
   Seite: 60

384. Kuschelweich WeichspÃ¼ler
   Angebotspreis: 2.65 â‚¬
   Statt: 3.89 â‚¬
   Grundpreis: 1.33 â‚¬/l
   Rabatt: -31.0%
   Variante: Versch. Sorten, Je 1l
   Marke: Kuschelweich
   Aktionstyp: regular
   ğŸŸ¢ Confidence: high
   Seite: 60

385. Ariel Waschmittel
   Angebotspreis: 8.99 â‚¬
   Statt: 11.99 â‚¬
   Rabatt: -25.0%
   Variante: Pulver, Pods oder Gel, Je 36/30/40 WL
   Marke: Ariel
   Aktionstyp: regular
   ğŸŸ¢ Confidence: high
   Seite: 60

386. Rougette OfenkÃ¤se ğŸ“± LIDL PLUS
   Angebotspreis: 3.99 â‚¬
   Statt: 5.99 â‚¬
   Grundpreis: 12.47 â‚¬/kg
   Rabatt: -33.0%
   Variante: Versch. Sorten, Je 320g
   Marke: Rougette
   Aktionstyp: lidl_plus
   ğŸŸ¢ Confidence: high
   Seite: 60

387. Bergader KÃ¤se MiniflÃ¤ ğŸ“± LIDL PLUS
   Angebotspreis: 1.59 â‚¬
   Statt: 1.99 â‚¬
   Grundpreis: 10.60 â‚¬/kg
   Rabatt: -20.0%
   Variante: Versch. Sorten, Je 150g
   Marke: Bergader
   Aktionstyp: lidl_plus
   ğŸŸ¢ Confidence: high
   Seite: 60

388. Bellarom Kaffeekapseln ğŸ“± LIDL PLUS
   âš ï¸  Preis unklar, Kandidaten:
      - 15.0 â‚¬ (unknown): -15% auf alle Bellarom-Kaffeekapseln mit Lidl Plus
   Rabatt: -15.0%
   Marke: Bellarom
   Aktionstyp: lidl_plus
   ğŸŸ¡ Confidence: medium
   Seite: 61

389. Frischer Schweine-Nackenbraten
   Grundpreis: 5.39 â‚¬/kg
   âš ï¸  Preis unklar, Kandidaten:
      - 5.39 â‚¬ (offer): kg-Preis
   Aktionstyp: regular
   ğŸŸ¢ Confidence: high
   Seite: 61

390. Brunch Brotaufstrich
   Angebotspreis: 0.99 â‚¬
   Statt: 1.89 â‚¬
   Grundpreis: 5.35 â‚¬/kg
   Rabatt: -47.0%
   Marke: Brunch
   Aktionstyp: regular
   ğŸŸ¢ Confidence: high
   Seite: 61

391. Iglo Fertiggericht ğŸ“± LIDL PLUS
   Angebotspreis: 2.49 â‚¬
   Statt: 3.59 â‚¬
   Grundpreis: 6.20 â‚¬/kg
   Rabatt: -37.0%
   Marke: Iglo
   Aktionstyp: lidl_plus
   ğŸŸ¢ Confidence: high
   Seite: 61

392. MeÃŸmer Tee
   Angebotspreis: 1.49 â‚¬
   Statt: 2.69 â‚¬
   Grundpreis: 37.25 â‚¬/kg
   Rabatt: -44.0%
   Marke: MeÃŸmer
   Aktionstyp: regular
   ğŸŸ¢ Confidence: high
   Seite: 61

393. Vita D'or Reines SonnenblumenÃ¶l ğŸ“± LIDL PLUS
   Angebotspreis: 1.49 â‚¬
   Statt: 1.69 â‚¬
   Rabatt: -11.0%
   Marke: Vita D'or
   Aktionstyp: lidl_plus
   ğŸŸ¢ Confidence: high
   Seite: 61

394. Genius Nicer Dicer Smart
   Angebotspreis: 29.99 â‚¬
   Statt: 89.95 â‚¬
   Rabatt: -66.0%
   Marke: Genius
   Aktionstyp: regular
   ğŸŸ¢ Confidence: high
   Seite: 61

395. Vale Tablet
   Angebotspreis: 89.99 â‚¬
   Statt: 149.00 â‚¬
   Rabatt: -39.0%
   Marke: Vale
   Aktionstyp: regular
   ğŸŸ¢ Confidence: high
   Seite: 61

396. 1 Jahr gratis einkaufen
   âš ï¸  Preis unklar, Kandidaten:
      - 6600.0 â‚¬ (unknown): im Wert von 6.600â‚¬
   Aktionstyp: regular
   ğŸŸ¡ Confidence: medium
   Seite: 62

397. 3x Jahreseinkauf
   âš ï¸  Preis unklar, Kandidaten:
      - 6600.0 â‚¬ (unknown): jeweils 6.600â‚¬
   Aktionstyp: regular
   ğŸŸ¡ Confidence: medium
   Seite: 62

398. Bayer. Wald Runding
Eigenanreise, 3 NÃ¤chte, Familienhotel Runding ***, All Inclusive
   Angebotspreis: 99.00 â‚¬
   UVP: 149.00 â‚¬
   Rabatt: -50.0%
   Aktionstyp: regular
   ğŸŸ¢ Confidence: high
   Seite: 63

399. Bayern MÃ¼nchen
Eigenanreise, 3 NÃ¤chte, DJH MÃ¼nchen City, inkl. Vollpension Plus
   Angebotspreis: 349.00 â‚¬
   UVP: 389.00 â‚¬
   Rabatt: -40.0%
   Aktionstyp: regular
   ğŸŸ¢ Confidence: high
   Seite: 63

400. Center Parcs
Der perfekte Urlaub mit Familie & Freunden bei Center Parcs lohnt sich.
   Angebotspreis: 189.00 â‚¬
   Rabatt: -35.0%
   Marke: Center Parcs
   Aktionstyp: regular
   ğŸŸ¢ Confidence: high
   Seite: 63

401. Italien Gardasee
Eigenanreise, 7 NÃ¤chte, Residence Green Park, inkl. Halbpension
   Angebotspreis: 449.00 â‚¬
   Statt: 569.00 â‚¬
   Rabatt: -120.0%
   Aktionstyp: regular
   ğŸŸ¢ Confidence: high
   Seite: 64

402. Ã„gypten Nilkreuzfahrt & Baden
15-tÃ¤gige Reise inkl. Flug, 5-Sterne-Nilschiff, inkl. VP & 5-Sterne-Hotel, AI
   Angebotspreis: 799.00 â‚¬
   Statt: 1099.00 â‚¬
   Rabatt: -300.0%
   Aktionstyp: regular
   ğŸŸ¢ Confidence: high
   Seite: 64

403. TÃ¼rkei & Griechenland InselhÃ¼pfen
13-tÃ¤gige Reise inkl. Flug, 4- & 5-Sterne Hotels, Verpflegung lt. Programm
   Angebotspreis: 899.00 â‚¬
   Statt: 1149.00 â‚¬
   Rabatt: -250.0%
   Aktionstyp: regular
   ğŸŸ¢ Confidence: high
   Seite: 64

404. Disney Adventure World
2 ÃœN im B&B Marne la Vallee Noisy (o.Ã¤.), inkl. FrÃ¼hstÃ¼ck & 2 Tage Eintritt fÃ¼r DisneylandÂ® Park & Walt Disney StudiosÂ® Park
   Angebotspreis: 199.00 â‚¬
   Aktionstyp: regular
   ğŸŸ¢ Confidence: high
   Seite: 64

405. Zitruspflanzen am Stamm
   Angebotspreis: 24.99 â‚¬
   Aktionstyp: regular
   ğŸŸ¢ Confidence: high
   Seite: 65

406. GroÃŸe GrÃ¼npflanze
   Angebotspreis: 14.99 â‚¬
   Aktionstyp: regular
   ğŸŸ¢ Confidence: high
   Seite: 65

407. Premium GrÃ¼npflanze in Viereck-Keramik
   Angebotspreis: 9.99 â‚¬
   Aktionstyp: regular
   ğŸŸ¢ Confidence: high
   Seite: 65

408. Bepflanzte Glasschale
   Angebotspreis: 6.99 â‚¬
   Aktionstyp: regular
   ğŸŸ¢ Confidence: high
   Seite: 65

409. Hyazinthen
   Angebotspreis: 3.99 â‚¬
   Aktionstyp: regular
   ğŸŸ¢ Confidence: high
   Seite: 65

410. Blumenzwiebeln
   Angebotspreis: 2.99 â‚¬
   Aktionstyp: regular
   ğŸŸ¢ Confidence: high
   Seite: 65

LIDL EXTRACT (JSON SLIM)
========================
{
  "supermarket": "LIDL",
  "total_offers": 410,
  "offers": [
    {
      "offer_id": "O001",
      "product_name": "Der GroÃŸe Bauer Joghurt",
      "brand": "Bauer",
      "variant": null,
      "offer_price": 0.49,
      "price_before": null,
      "uvp": 0.99,
      "unit_price_value": 1.96,
      "unit_price_per": "kg",
      "discount_percent": 50.0,
      "pack_size_text": "Je 250/225 g",
      "multi_buy_text": null,
      "lidl_plus": false,
      "action_type": "regular",
      "confidence": "high",
      "page": 5
    },
    {
      "offer_id": "O002",
      "product_name": "Ben's Original Express Reis",
      "brand": "Ben's Original",
      "variant": null,
      "offer_price": 1.29,
      "price_before": 2.29,
      "uvp": null,
      "unit_price_value": 5.86,
      "unit_price_per": "kg",
      "discount_percent": 43.0,
      "pack_size_text": "Je 220 g",
      "multi_buy_text": null,
      "lidl_plus": false,
      "action_type": "regular",
      "confidence": "high",
      "page": 5
    },
    {
      "offer_id": "O003",
      "product_name": "Barilla Pasta",
      "brand": "Barilla",
      "variant": null,
      "offer_price": 0.99,
      "price_before": null,
      "uvp": null,
      "unit_price_value": 1.98,
      "unit_price_per": "kg",
      "discount_percent": 50.0,
      "pack_size_text": "Je 500 g",
      "multi_buy_text": null,
      "lidl_plus": false,
      "action_type": "regular",
      "confidence": "high",
      "page": 5
    },
    {
      "offer_id": "O004",
      "product_name": "Billie Green Vegane Salami Versch. Sorten",
      "brand": "Billie Green",
      "variant": null,
      "offer_price": 1.29,
      "price_before": 1.69,
      "uvp": null,
      "unit_price_value": 17.07,
      "unit_price_per": "kg",
      "discount_percent": null,
      "pack_size_text": "Je 75/90 g",
      "multi_buy_text": null,
      "lidl_plus": true,
      "action_type": "lidl_plus",
      "confidence": "high",
      "page": 5
    },
    {
      "offer_id": "O005",
      "product_name": "Alesto Selection Studentenfutter Classic",
      "brand": "Alesto",
      "variant": null,
      "offer_price": 1.69,
      "price_before": 2.29,
      "uvp": null,
      "unit_price_value": 8.45,
      "unit_price_per": "kg",
      "discount_percent": 26.0,
      "pack_size_text": "Je 200 g",
      "multi_buy_text": null,
      "lidl_plus": false,
      "action_type": "regular",
      "confidence": "high",
      "page": 5
    },
    {
      "offer_id": "O006",
      "product_name": "MÃ¼ller MÃ¼llermilch/Shake",
      "brand": "MÃ¼ller",
      "variant": null,
      "offer_price": 0.69,
      "price_before": 1.49,
      "uvp": null,
      "unit_price_value": 1.73,
      "unit_price_per": "l",
      "discount_percent": 53.0,
      "pack_size_text": "Je 400 ml",
      "multi_buy_text": null,
      "lidl_plus": false,
      "action_type": "regular",
      "confidence": "high",
      "page": 3
    },
    {
      "offer_id": "O007",
      "product_name": "Nordsee Knusper-Garnelen",
      "brand": "Nordsee",
      "variant": null,
      "offer_price": 3.49,
      "price_before": null,
      "uvp": 4.59,
      "unit_price_value": 17.45,
      "unit_price_per": "kg",
      "discount_percent": 23.0,
      "pack_size_text": "Je 200 g",
      "multi_buy_text": null,
      "lidl_plus": false,
      "action_type": "regular",
      "confidence": "high",
      "page": 3
    },
    {
      "offer_id": "O008",
      "product_name": "Dr. Oetker Ristorante Pizza/Bistro Flammkuchen ElsÃ¤sser Art",
      "brand": "Dr. Oetker",
      "variant": null,
      "offer_price": 3.99,
      "price_before": null,
      "uvp": 6.79,
      "unit_price_value": null,
      "unit_price_per": null,
      "discount_percent": 41.0,
      "pack_size_text": "2er Packung",
      "multi_buy_text": null,
      "lidl_plus": false,
      "action_type": "regular",
      "confidence": "high",
      "page": 3
    },
    {
      "offer_id": "O009",
      "product_name": "Ã–mÃ¼r HirtenkÃ¤se",
      "brand": "Ã–mÃ¼r",
      "variant": null,
      "offer_price": 6.49,
      "price_before": null,
      "uvp": null,
      "unit_price_value": 8.11,
      "unit_price_per": "kg",
      "discount_percent": null,
      "pack_size_text": "800 g",
      "multi_buy_text": null,
      "lidl_plus": false,
      "action_type": "regular",
      "confidence": "high",
      "page": 3
    },
    {
      "offer_id": "O010",
      "product_name": "Alpenhain Back-KÃ¤se",
      "brand": "Alpenhain",
      "variant": null,
      "offer_price": 1.99,
      "price_before": null,
      "uvp": 3.49,
      "unit_price_value": 9.95,
      "unit_price_per": "kg",
      "discount_percent": 42.0,
      "pack_size_text": "200 g",
      "multi_buy_text": null,
      "lidl_plus": false,
      "action_type": "regular",
      "confidence": "high",
      "page": 3
    },
    {
      "offer_id": "O011",
      "product_name": "Mini Babybel Original",
      "brand": "Babybel",
      "variant": null,
      "offer_price": 3.99,
      "price_before": 7.29,
      "uvp": null,
      "unit_price_value": 13.3,
      "unit_price_per": "kg",
      "discount_percent": 45.0,
      "pack_size_text": "300 g",
      "multi_buy_text": null,
      "lidl_plus": false,
      "action_type": "regular",
      "confidence": "high",
      "page": 3
    },
    {
      "offer_id": "O012",
      "product_name": "Ferdl Fuchs Mini WÃ¼rstchen XXL",
      "brand": "Ferdl Fuchs",
      "variant": null,
      "offer_price": 2.19,
      "price_before": null,
      "uvp": null,
      "unit_price_value": 8.76,
      "unit_price_per": "kg",
      "discount_percent": 48.0,
      "pack_size_text": "100 g",
      "multi_buy_text": null,
      "lidl_plus": false,
      "action_type": "regular",
      "confidence": "high",
      "page": 3
    },
    {
      "offer_id": "O013",
      "product_name": "Appel Zarte Filets vom Hering",
      "brand": "Appel",
      "variant": null,
      "offer_price": 1.11,
      "price_before": null,
      "uvp": null,
      "unit_price_value": 5.55,
      "unit_price_per": "kg",
      "discount_percent": null,
      "pack_size_text": "200 g",
      "multi_buy_text": null,
      "lidl_plus": false,
      "action_type": "regular",
      "confidence": "high",
      "page": 3
    },
    {
      "offer_id": "O014",
      "product_name": "Milbona Haltbare Vollmilch",
      "brand": "Milbona",
      "variant": null,
      "offer_price": 9.5,
      "price_before": 11.4,
      "uvp": null,
      "unit_price_value": 0.8,
      "unit_price_per": "l",
      "discount_percent": 16.0,
      "pack_size_text": "12 x 1 l",
      "multi_buy_text": "10+2 gratis",
      "lidl_plus": false,
      "action_type": "multi_buy",
      "confidence": "high",
      "page": 3
    },
    {
      "offer_id": "O015",
      "product_name": "Rama",
      "brand": null,
      "variant": "100% Pflanzlich",
      "offer_price": 1.29,
      "price_before": 2.19,
      "uvp": null,
      "unit_price_value": 3.23,
      "unit_price_per": "kg",
      "discount_percent": 41.0,
      "pack_size_text": "400 g",
      "multi_buy_text": null,
      "lidl_plus": true,
      "action_type": "lidl_plus",
      "confidence": "high",
      "page": 3
    },
    {
      "offer_id": "O016",
      "product_name": "Barilla Pesto",
      "brand": "Barilla",
      "variant": null,
      "offer_price": 1.99,
      "price_before": 3.49,
      "uvp": null,
      "unit_price_value": 9.55,
      "unit_price_per": "kg",
      "discount_percent": 42.0,
      "pack_size_text": "200/190/195 g",
      "multi_buy_text": null,
      "lidl_plus": false,
      "action_type": "regular",
      "confidence": "high",
      "page": 3
    },
    {
      "offer_id": "O017",
      "product_name": "Kinder Bueno",
      "brand": "Kinder",
      "variant": null,
      "offer_price": 2.29,
      "price_before": 3.29,
      "uvp": null,
      "unit_price_value": 17.75,
      "unit_price_per": "kg",
      "discount_percent": 30.0,
      "pack_size_text": "6 StÃ¼ck",
      "multi_buy_text": null,
      "lidl_plus": false,
      "action_type": "regular",
      "confidence": "high",
      "page": 3
    },
    {
      "offer_id": "O018",
      "product_name": "Skinny Crunch light",
      "brand": null,
      "variant": null,
      "offer_price": 0.99,
      "price_before": null,
      "uvp": 1.49,
      "unit_price_value": 9.9,
      "unit_price_per": "kg",
      "discount_percent": 33.0,
      "pack_size_text": "100/95 g",
      "multi_buy_text": null,
      "lidl_plus": false,
      "action_type": "regular",
      "confidence": "high",
      "page": 3
    },
    {
      "offer_id": "O019",
      "product_name": "Lay's Chips",
      "brand": "Lay's",
      "variant": null,
      "offer_price": 1.19,
      "price_before": 1.99,
      "uvp": null,
      "unit_price_value": 7.93,
      "unit_price_per": "kg",
      "discount_percent": 40.0,
      "pack_size_text": "150/110 g",
      "multi_buy_text": null,
      "lidl_plus": false,
      "action_type": "regular",
      "confidence": "high",
      "page": 3
    },
    {
      "offer_id": "O020",
      "product_name": "Kinder Duo",
      "brand": "Kinder",
      "variant": null,
      "offer_price": 2.29,
      "price_before": 2.89,
      "uvp": null,
      "unit_price_value": 15.27,
      "unit_price_per": "kg",
      "discount_percent": 20.0,
      "pack_size_text": "12 StÃ¼ck",
      "multi_buy_text": null,
      "lidl_plus": false,
      "action_type": "regular",
      "confidence": "high",
      "page": 3
    },
    {
      "offer_id": "O021",
      "product_name": "Granini Hohes C",
      "brand": "Granini",
      "variant": null,
      "offer_price": 1.79,
      "price_before": 2.89,
      "uvp": null,
      "unit_price_value": 3.58,
      "unit_price_per": "l",
      "discount_percent": 38.0,
      "pack_size_text": "1 l",
      "multi_buy_text": null,
      "lidl_plus": false,
      "action_type": "regular",
      "confidence": "high",
      "page": 3
    },
    {
      "offer_id": "O022",
      "product_name": "Coca-Cola/Fanta/Mezzo Mix/Sprite",
      "brand": null,
      "variant": null,
      "offer_price": 1.19,
      "price_before": 1.59,
      "uvp": null,
      "unit_price_value": 0.95,
      "unit_price_per": "l",
      "discount_percent": 25.0,
      "pack_size_text": "1,25 Liter",
      "multi_buy_text": null,
      "lidl_plus": false,
      "action_type": "regular",
      "confidence": "high",
      "page": 3
    },
    {
      "offer_id": "O023",
      "product_name": "Bushmills The Original Irish Whiskey",
      "brand": "Bushmills",
      "variant": null,
      "offer_price": 14.99,
      "price_before": 18.99,
      "uvp": null,
      "unit_price_value": 21.41,
      "unit_price_per": "l",
      "discount_percent": 21.0,
      "pack_size_text": "0,7 l",
      "multi_buy_text": "+1 Glas gratis",
      "lidl_plus": false,
      "action_type": "restricted",
      "confidence": "high",
      "page": 3
    },
    {
      "offer_id": "O024",
      "product_name": "Red Bull Energy Drink",
      "brand": "Red Bull",
      "variant": null,
      "offer_price": 22.22,
      "price_before": 35.76,
      "uvp": null,
      "unit_price_value": 3.7,
      "unit_price_per": "l",
      "discount_percent": 37.0,
      "pack_size_text": "24er-Pack",
      "multi_buy_text": null,
      "lidl_plus": false,
      "action_type": "regular",
      "confidence": "high",
      "page": 3
    },
    {
      "offer_id": "O025",
      "product_name": "Ritter Sport Bunte Vielfalt",
      "brand": "Ritter Sport",
      "variant": null,
      "offer_price": 1.29,
      "price_before": 1.99,
      "uvp": null,
      "unit_price_value": 12.9,
      "unit_price_per": "kg",
      "discount_percent": 35.0,
      "pack_size_text": "100 g",
      "multi_buy_text": null,
      "lidl_plus": true,
      "action_type": "lidl_plus",
      "confidence": "high",
      "page": 3
    },
    {
      "offer_id": "O026",
      "product_name": "Maltesers",
      "brand": null,
      "variant": null,
      "offer_price": 2.29,
      "price_before": 4.39,
      "uvp": null,
      "unit_price_value": 13.09,
      "unit_price_per": "kg",
      "discount_percent": 47.0,
      "pack_size_text": "75 g",
      "multi_buy_text": null,
      "lidl_plus": false,
      "action_type": "regular",
      "confidence": "high",
      "page": 3
    },
    {
      "offer_id": "O027",
      "product_name": "Kerrygold Original Irischer KÃ¤se XXL",
      "brand": "Kerrygold",
      "variant": null,
      "offer_price": 2.79,
      "price_before": null,
      "uvp": 2.99,
      "unit_price_value": 12.13,
      "unit_price_per": "kg",
      "discount_percent": null,
      "pack_size_text": "230 g",
      "multi_buy_text": null,
      "lidl_plus": false,
      "action_type": "regular",
      "confidence": "high",
      "page": 5
    },
    {
      "offer_id": "O028",
      "product_name": "Popp Brot-Aufstrich",
      "brand": "Popp",
      "variant": null,
      "offer_price": 1.79,
      "price_before": 2.19,
      "uvp": null,
      "unit_price_value": 7.16,
      "unit_price_per": "kg",
      "discount_percent": 18.0,
      "pack_size_text": "250 g",
      "multi_buy_text": null,
      "lidl_plus": false,
      "action_type": "regular",
      "confidence": "high",
      "page": 5
    },
    {
      "offer_id": "O029",
      "product_name": "Nutella",
      "brand": "Nutella",
      "variant": null,
      "offer_price": 6.89,
      "price_before": null,
      "uvp": null,
      "unit_price_value": null,
      "unit_price_per": null,
      "discount_percent": 18.0,
      "pack_size_text": "1 kg",
      "multi_buy_text": null,
      "lidl_plus": false,
      "action_type": "regular",
      "confidence": "high",
      "page": 5
    },
    {
      "offer_id": "O030",
      "product_name": "Colgate Max White/Max Fresh Zahnpasta",
      "brand": "Colgate",
      "variant": null,
      "offer_price": 4.39,
      "price_before": null,
      "uvp": 7.29,
      "unit_price_value": 19.51,
      "unit_price_per": "l",
      "discount_percent": 39.0,
      "pack_size_text": "3 x 75 ml",
      "multi_buy_text": null,
      "lidl_plus": false,
      "action_type": "regular",
      "confidence": "high",
      "page": 5
    },
    {
      "offer_id": "O031",
      "product_name": "Floraly's KÃ¼chentÃ¼cher",
      "brand": "Floraly's",
      "variant": "Classic",
      "offer_price": 3.79,
      "price_before": null,
      "uvp": null,
      "unit_price_value": null,
      "unit_price_per": null,
      "discount_percent": null,
      "pack_size_text": "8 Rollen",
      "multi_buy_text": null,
      "lidl_plus": false,
      "action_type": "regular",
      "confidence": "high",
      "page": 5
    },
    {
      "offer_id": "O032",
      "product_name": "Pick Up!",
      "brand": null,
      "variant": null,
      "offer_price": 3.49,
      "price_before": null,
      "uvp": null,
      "unit_price_value": 11.33,
      "unit_price_per": "kg",
      "discount_percent": 58.0,
      "pack_size_text": "140 g",
      "multi_buy_text": null,
      "lidl_plus": false,
      "action_type": "regular",
      "confidence": "high",
      "page": 5
    },
    {
      "offer_id": "O033",
      "product_name": "Fritt Kaustreifen XXL",
      "brand": "Fritt",
      "variant": null,
      "offer_price": 3.99,
      "price_before": null,
      "uvp": null,
      "unit_price_value": 7.13,
      "unit_price_per": "kg",
      "discount_percent": 43.0,
      "pack_size_text": "560 g",
      "multi_buy_text": null,
      "lidl_plus": false,
      "action_type": "regular",
      "confidence": "high",
      "page": 5
    },
    {
      "offer_id": "O034",
      "product_name": "WC Frisch Kraft Aktiv",
      "brand": "WC Frisch",
      "variant": null,
      "offer_price": 4.79,
      "price_before": null,
      "uvp": 6.89,
      "unit_price_value": 23.95,
      "unit_price_per": "kg",
      "discount_percent": 30.0,
      "pack_size_text": "4er-Pack",
      "multi_buy_text": null,
      "lidl_plus": false,
      "action_type": "regular",
      "confidence": "high",
      "page": 5
    },
    {
      "offer_id": "O035",
      "product_name": "Pfanner Eistee",
      "brand": "Pfanner",
      "variant": null,
      "offer_price": 1.29,
      "price_before": null,
      "uvp": 1.99,
      "unit_price_value": 0.65,
      "unit_price_per": "l",
      "discount_percent": 35.0,
      "pack_size_text": "2 Liter",
      "multi_buy_text": null,
      "lidl_plus": false,
      "action_type": "regular",
      "confidence": "high",
      "page": 5
    },
    {
      "offer_id": "O036",
      "product_name": "Heineken Bier",
      "brand": "Heineken",
      "variant": null,
      "offer_price": 8.99,
      "price_before": null,
      "uvp": 13.99,
      "unit_price_value": 2.27,
      "unit_price_per": "l",
      "discount_percent": 35.0,
      "pack_size_text": "5 % vol, 12 x 330 ml",
      "multi_buy_text": null,
      "lidl_plus": false,
      "action_type": "restricted",
      "confidence": "high",
      "page": 5
    },
    {
      "offer_id": "O037",
      "product_name": "Omo Waschmittel XXXL",
      "brand": "Omo",
      "variant": null,
      "offer_price": 12.99,
      "price_before": null,
      "uvp": 19.99,
      "unit_price_value": 0.76,
      "unit_price_per": "l",
      "discount_percent": 35.0,
      "pack_size_text": "85-100 Waschladungen",
      "multi_buy_text": null,
      "lidl_plus": false,
      "action_type": "regular",
      "confidence": "high",
      "page": 5
    },
    {
      "offer_id": "O038",
      "product_name": "ParksideÂ® Akku-Schlagbohrschrauber 20 V",
      "brand": "Parkside",
      "variant": "Typ. PSBSA 20-Li E4",
      "offer_price": 19.99,
      "price_before": null,
      "uvp": null,
      "unit_price_value": null,
      "unit_price_per": null,
      "discount_percent": null,
      "pack_size_text": "Je StÃ¼ck",
      "multi_buy_text": null,
      "lidl_plus": false,
      "action_type": "regular",
      "confidence": "high",
      "page": 6
    },
    {
      "offer_id": "O039",
      "product_name": "SilvercrestÂ® Kitchen Tools Mikrowelle",
      "brand": "Silvercrest",
      "variant": "Typ. SMW 700 D3",
      "offer_price": 39.99,
      "price_before": 49.99,
      "uvp": null,
      "unit_price_value": null,
      "unit_price_per": null,
      "discount_percent": 20.0,
      "pack_size_text": "Je StÃ¼ck",
      "multi_buy_text": null,
      "lidl_plus": false,
      "action_type": "regular",
      "confidence": "high",
      "page": 6
    },
    {
      "offer_id": "O040",
      "product_name": "NFL T-Shirt",
      "brand": null,
      "variant": null,
      "offer_price": 7.99,
      "price_before": null,
      "uvp": null,
      "unit_price_value": null,
      "unit_price_per": null,
      "discount_percent": null,
      "pack_size_text": "Je StÃ¼ck",
      "multi_buy_text": null,
      "lidl_plus": false,
      "action_type": "regular",
      "confidence": "high",
      "page": 6
    },
    {
      "offer_id": "O041",
      "product_name": "Wagner Piccolinis",
      "brand": "Wagner",
      "variant": null,
      "offer_price": 4.49,
      "price_before": 6.79,
      "uvp": null,
      "unit_price_value": 6.24,
      "unit_price_per": "kg",
      "discount_percent": 48.0,
      "pack_size_text": "Je 270 g",
      "multi_buy_text": null,
      "lidl_plus": false,
      "action_type": "regular",
      "confidence": "high",
      "page": 6
    },
    {
      "offer_id": "O042",
      "product_name": "McEnnedy Pulled Pork",
      "brand": "McEnnedy",
      "variant": null,
      "offer_price": 4.99,
      "price_before": null,
      "uvp": null,
      "unit_price_value": 9.07,
      "unit_price_per": "kg",
      "discount_percent": null,
      "pack_size_text": "Je 550 g",
      "multi_buy_text": null,
      "lidl_plus": false,
      "action_type": "regular",
      "confidence": "high",
      "page": 6
    },
    {
      "offer_id": "O043",
      "product_name": "McEnnedy American Style Pancakes",
      "brand": "McEnnedy",
      "variant": null,
      "offer_price": 1.99,
      "price_before": null,
      "uvp": null,
      "unit_price_value": 6.63,
      "unit_price_per": "kg",
      "discount_percent": null,
      "pack_size_text": "Je 300 g",
      "multi_buy_text": null,
      "lidl_plus": false,
      "action_type": "regular",
      "confidence": "high",
      "page": 6
    },
    {
      "offer_id": "O044",
      "product_name": "Metzgerfrisch Frisches Rinder-Hackfleisch light",
      "brand": null,
      "variant": null,
      "offer_price": 5.99,
      "price_before": 6.29,
      "uvp": null,
      "unit_price_value": 14.98,
      "unit_price_per": "kg",
      "discount_percent": null,
      "pack_size_text": "Je 400 g",
      "multi_buy_text": null,
      "lidl_plus": false,
      "action_type": "regular",
      "confidence": "high",
      "page": 7
    },
    {
      "offer_id": "O045",
      "product_name": "Metzgerfrisch Rinder-Minutensteaks",
      "brand": null,
      "variant": null,
      "offer_price": 5.99,
      "price_before": 6.29,
      "uvp": null,
      "unit_price_value": 18.72,
      "unit_price_per": "kg",
      "discount_percent": null,
      "pack_size_text": "Je 320 g",
      "multi_buy_text": null,
      "lidl_plus": false,
      "action_type": "regular",
      "confidence": "high",
      "page": 7
    },
    {
      "offer_id": "O046",
      "product_name": "Metzgerfrisch Rinder-Hackfleisch",
      "brand": null,
      "variant": null,
      "offer_price": 6.19,
      "price_before": 6.49,
      "uvp": null,
      "unit_price_value": 12.38,
      "unit_price_per": "kg",
      "discount_percent": null,
      "pack_size_text": "Je 500 g",
      "multi_buy_text": null,
      "lidl_plus": false,
      "action_type": "regular",
      "confidence": "high",
      "page": 7
    },
    {
      "offer_id": "O047",
      "product_name": "Metzgerfrisch Entrecote",
      "brand": null,
      "variant": null,
      "offer_price": 7.0,
      "price_before": 7.13,
      "uvp": null,
      "unit_price_value": 27.99,
      "unit_price_per": "kg",
      "discount_percent": null,
      "pack_size_text": "Ca. 250 g",
      "multi_buy_text": null,
      "lidl_plus": false,
      "action_type": "regular",
      "confidence": "high",
      "page": 7
    },
    {
      "offer_id": "O048",
      "product_name": "Metzgerfrisch Rumpsteak vom deutschen Jungbullen",
      "brand": null,
      "variant": null,
      "offer_price": 6.75,
      "price_before": 6.88,
      "uvp": null,
      "unit_price_value": 26.99,
      "unit_price_per": "kg",
      "discount_percent": null,
      "pack_size_text": "Ca. 250 g",
      "multi_buy_text": null,
      "lidl_plus": false,
      "action_type": "regular",
      "confidence": "high",
      "page": 7
    },
    {
      "offer_id": "O049",
      "product_name": "Metzgerfrisch Frisches Rinder-Hackfleisch",
      "brand": null,
      "variant": null,
      "offer_price": 9.49,
      "price_before": 9.99,
      "uvp": null,
      "unit_price_value": 11.86,
      "unit_price_per": "kg",
      "discount_percent": null,
      "pack_size_text": "Je 800 g",
      "multi_buy_text": null,
      "lidl_plus": false,
      "action_type": "regular",
      "confidence": "high",
      "page": 7
    },
    {
      "offer_id": "O050",
      "product_name": "Lupilu Soft & Dry Pants Premium",
      "brand": "Lupilu",
      "variant": null,
      "offer_price": null,
      "price_before": null,
      "uvp": null,
      "unit_price_value": null,
      "unit_price_per": null,
      "discount_percent": null,
      "pack_size_text": "36 StÃ¼ck",
      "multi_buy_text": null,
      "lidl_plus": true,
      "action_type": "lidl_plus",
      "confidence": "low",
      "page": 8
    },
    {
      "offer_id": "O051",
      "product_name": "Lupilu Premium Windeln",
      "brand": "Lupilu",
      "variant": null,
      "offer_price": null,
      "price_before": null,
      "uvp": null,
      "unit_price_value": null,
      "unit_price_per": null,
      "discount_percent": null,
      "pack_size_text": "2 StÃ¼ck",
      "multi_buy_text": null,
      "lidl_plus": true,
      "action_type": "lidl_plus",
      "confidence": "low",
      "page": 8
    },
    {
      "offer_id": "O052",
      "product_name": "Lupilu Soft & Dry Pants",
      "brand": "Lupilu",
      "variant": null,
      "offer_price": null,
      "price_before": null,
      "uvp": null,
      "unit_price_value": null,
      "unit_price_per": null,
      "discount_percent": null,
      "pack_size_text": "5 StÃ¼ck",
      "multi_buy_text": null,
      "lidl_plus": true,
      "action_type": "lidl_plus",
      "confidence": "low",
      "page": 8
    },
    {
      "offer_id": "O053",
      "product_name": "Birnen, lose",
      "brand": null,
      "variant": "Sorte: Conference",
      "offer_price": null,
      "price_before": null,
      "uvp": null,
      "unit_price_value": 1.49,
      "unit_price_per": "kg",
      "discount_percent": null,
      "pack_size_text": null,
      "multi_buy_text": null,
      "lidl_plus": false,
      "action_type": "regular",
      "confidence": "high",
      "page": 9
    },
    {
      "offer_id": "O054",
      "product_name": "Rote Ã„pfel",
      "brand": null,
      "variant": "sÃ¼ÃŸ-sÃ¤uerlich",
      "offer_price": null,
      "price_before": null,
      "uvp": null,
      "unit_price_value": 1.29,
      "unit_price_per": "kg",
      "discount_percent": null,
      "pack_size_text": "1 kg",
      "multi_buy_text": null,
      "lidl_plus": false,
      "action_type": "regular",
      "confidence": "high",
      "page": 9
    },
    {
      "offer_id": "O055",
      "product_name": "Kiwi",
      "brand": null,
      "variant": null,
      "offer_price": null,
      "price_before": 2.99,
      "uvp": null,
      "unit_price_value": 2.49,
      "unit_price_per": "kg",
      "discount_percent": 16.0,
      "pack_size_text": "1 kg",
      "multi_buy_text": null,
      "lidl_plus": false,
      "action_type": "regular",
      "confidence": "high",
      "page": 9
    },
    {
      "offer_id": "O056",
      "product_name": "Helle, kernlose Trauben",
      "brand": null,
      "variant": null,
      "offer_price": 1.69,
      "price_before": null,
      "uvp": null,
      "unit_price_value": 3.38,
      "unit_price_per": "kg",
      "discount_percent": null,
      "pack_size_text": "500 g",
      "multi_buy_text": null,
      "lidl_plus": false,
      "action_type": "regular",
      "confidence": "high",
      "page": 9
    },
    {
      "offer_id": "O057",
      "product_name": "Mandarinen/Clementinen",
      "brand": null,
      "variant": null,
      "offer_price": null,
      "price_before": null,
      "uvp": null,
      "unit_price_value": 1.79,
      "unit_price_per": "kg",
      "discount_percent": null,
      "pack_size_text": "1-kg-Netz",
      "multi_buy_text": null,
      "lidl_plus": false,
      "action_type": "regular",
      "confidence": "high",
      "page": 9
    },
    {
      "offer_id": "O058",
      "product_name": "Staudensellerie, lose",
      "brand": null,
      "variant": null,
      "offer_price": 0.99,
      "price_before": null,
      "uvp": null,
      "unit_price_value": null,
      "unit_price_per": null,
      "discount_percent": null,
      "pack_size_text": null,
      "multi_buy_text": null,
      "lidl_plus": false,
      "action_type": "regular",
      "confidence": "high",
      "page": 9
    },
    {
      "offer_id": "O059",
      "product_name": "Cherrystrauchtomaten, lose",
      "brand": null,
      "variant": null,
      "offer_price": 0.99,
      "price_before": 1.49,
      "uvp": null,
      "unit_price_value": null,
      "unit_price_per": null,
      "discount_percent": 33.0,
      "pack_size_text": null,
      "multi_buy_text": null,
      "lidl_plus": true,
      "action_type": "lidl_plus",
      "confidence": "high",
      "page": 10
    },
    {
      "offer_id": "O060",
      "product_name": "Bio MÃ¶hren",
      "brand": null,
      "variant": null,
      "offer_price": 1.19,
      "price_before": 1.59,
      "uvp": null,
      "unit_price_value": null,
      "unit_price_per": null,
      "discount_percent": 25.0,
      "pack_size_text": "1 kg",
      "multi_buy_text": null,
      "lidl_plus": true,
      "action_type": "lidl_plus",
      "confidence": "high",
      "page": 10
    },
    {
      "offer_id": "O061",
      "product_name": "Rauch DrehtÃ¼renschrank",
      "brand": "Rauch",
      "variant": "Modell â€Alabamaâ€œ Premium",
      "offer_price": 479.0,
      "price_before": null,
      "uvp": 1179.0,
      "unit_price_value": null,
      "unit_price_per": null,
      "discount_percent": 59.0,
      "pack_size_text": null,
      "multi_buy_text": null,
      "lidl_plus": false,
      "action_type": "regular",
      "confidence": "high",
      "page": 11
    },
    {
      "offer_id": "O062",
      "product_name": "Livarno GelÂ­schaum-MatratzenÂ­topper",
      "brand": "Livarno",
      "variant": null,
      "offer_price": 49.99,
      "price_before": 79.99,
      "uvp": null,
      "unit_price_value": null,
      "unit_price_per": null,
      "discount_percent": 37.0,
      "pack_size_text": "ca. 90 x 200 cm",
      "multi_buy_text": null,
      "lidl_plus": false,
      "action_type": "regular",
      "confidence": "high",
      "page": 11
    },
    {
      "offer_id": "O063",
      "product_name": "Livarno Blackout-Vorhangschal-Set, 2-teilig",
      "brand": "Livarno",
      "variant": null,
      "offer_price": 19.99,
      "price_before": null,
      "uvp": null,
      "unit_price_value": null,
      "unit_price_per": null,
      "discount_percent": null,
      "pack_size_text": "ca. 135 x 254 cm",
      "multi_buy_text": null,
      "lidl_plus": false,
      "action_type": "regular",
      "confidence": "high",
      "page": 11
    },
    {
      "offer_id": "O064",
      "product_name": "Dunlopillo Premium-Kopfkissen",
      "brand": "Dunlopillo",
      "variant": null,
      "offer_price": 24.99,
      "price_before": null,
      "uvp": 64.99,
      "unit_price_value": null,
      "unit_price_per": null,
      "discount_percent": 61.0,
      "pack_size_text": "ca. 80 x 80 cm",
      "multi_buy_text": null,
      "lidl_plus": false,
      "action_type": "regular",
      "confidence": "high",
      "page": 12
    },
    {
      "offer_id": "O065",
      "product_name": "Dunlopillo Winter-Bettdecke",
      "brand": "Dunlopillo",
      "variant": null,
      "offer_price": 42.99,
      "price_before": null,
      "uvp": 149.99,
      "unit_price_value": null,
      "unit_price_per": null,
      "discount_percent": 71.0,
      "pack_size_text": "ca. 135 x 200 cm",
      "multi_buy_text": null,
      "lidl_plus": false,
      "action_type": "regular",
      "confidence": "high",
      "page": 12
    },
    {
      "offer_id": "O066",
      "product_name": "Dunlopillo Ganzjahres-Bettdecke",
      "brand": "Dunlopillo",
      "variant": null,
      "offer_price": 39.99,
      "price_before": null,
      "uvp": 129.99,
      "unit_price_value": null,
      "unit_price_per": null,
      "discount_percent": 69.0,
      "pack_size_text": "ca. 135 x 200 cm",
      "multi_buy_text": null,
      "lidl_plus": false,
      "action_type": "regular",
      "confidence": "high",
      "page": 12
    },
    {
      "offer_id": "O067",
      "product_name": "Dunlopillo 4-Jahreszeiten-Bettdecke",
      "brand": "Dunlopillo",
      "variant": null,
      "offer_price": 64.99,
      "price_before": null,
      "uvp": 229.99,
      "unit_price_value": null,
      "unit_price_per": null,
      "discount_percent": 71.0,
      "pack_size_text": "ca. 135 x 200 cm",
      "multi_buy_text": null,
      "lidl_plus": false,
      "action_type": "regular",
      "confidence": "high",
      "page": 12
    },
    {
      "offer_id": "O068",
      "product_name": "Hn8 Visco-Matratze",
      "brand": "Hn8",
      "variant": "Modell â€Cozy Sleepâ€œ",
      "offer_price": 139.0,
      "price_before": null,
      "uvp": null,
      "unit_price_value": null,
      "unit_price_per": null,
      "discount_percent": null,
      "pack_size_text": "ca. 90 x 200 cm",
      "multi_buy_text": null,
      "lidl_plus": false,
      "action_type": "regular",
      "confidence": "high",
      "page": 12
    },
    {
      "offer_id": "O069",
      "product_name": "Hn8 7-Zonen-Kaltschaummatratze",
      "brand": "Hn8",
      "variant": "Modell â€SchlafschÃ¶nâ€œ",
      "offer_price": 189.0,
      "price_before": null,
      "uvp": null,
      "unit_price_value": null,
      "unit_price_per": null,
      "discount_percent": null,
      "pack_size_text": "ca. 90 x 200 cm",
      "multi_buy_text": null,
      "lidl_plus": false,
      "action_type": "regular",
      "confidence": "high",
      "page": 12
    },
    {
      "offer_id": "O070",
      "product_name": "Masterpro WeinzubehÃ¶r-Set",
      "brand": "Masterpro",
      "variant": "Aus Edelstahl. Je Set",
      "offer_price": 16.99,
      "price_before": null,
      "uvp": 49.99,
      "unit_price_value": null,
      "unit_price_per": null,
      "discount_percent": 66.0,
      "pack_size_text": "5-teilig",
      "multi_buy_text": null,
      "lidl_plus": false,
      "action_type": "regular",
      "confidence": "high",
      "page": 13
    },
    {
      "offer_id": "O071",
      "product_name": "Spiegelau GlÃ¤ser-Set",
      "brand": "Spiegelau",
      "variant": "Modell â€Romaâ€œ. Je Set",
      "offer_price": 7.99,
      "price_before": null,
      "uvp": 24.9,
      "unit_price_value": null,
      "unit_price_per": null,
      "discount_percent": 67.0,
      "pack_size_text": "4-teilig",
      "multi_buy_text": null,
      "lidl_plus": false,
      "action_type": "regular",
      "confidence": "high",
      "page": 13
    },
    {
      "offer_id": "O072",
      "product_name": "MÃ¶venpick Geschirr-Set",
      "brand": "MÃ¶venpick",
      "variant": "Aus Steinzeug. Je Set",
      "offer_price": 19.99,
      "price_before": null,
      "uvp": 49.99,
      "unit_price_value": null,
      "unit_price_per": null,
      "discount_percent": 60.0,
      "pack_size_text": "16-teilig",
      "multi_buy_text": null,
      "lidl_plus": false,
      "action_type": "regular",
      "confidence": "high",
      "page": 13
    },
    {
      "offer_id": "O073",
      "product_name": "Emsa Isolierbecher",
      "brand": "Emsa",
      "variant": "Modell â€TRAVEL MUGâ€œ. Je StÃ¼ck",
      "offer_price": 9.99,
      "price_before": null,
      "uvp": 31.99,
      "unit_price_value": null,
      "unit_price_per": null,
      "discount_percent": 68.0,
      "pack_size_text": "ca. 360 ml",
      "multi_buy_text": null,
      "lidl_plus": false,
      "action_type": "regular",
      "confidence": "high",
      "page": 13
    },
    {
      "offer_id": "O074",
      "product_name": "Livarno home Geschirr-Set",
      "brand": "Livarno home",
      "variant": "Aus Steinzeug. Je Set",
      "offer_price": 22.99,
      "price_before": null,
      "uvp": 34.99,
      "unit_price_value": null,
      "unit_price_per": null,
      "discount_percent": 34.0,
      "pack_size_text": "18-teilig",
      "multi_buy_text": null,
      "lidl_plus": false,
      "action_type": "regular",
      "confidence": "high",
      "page": 13
    },
    {
      "offer_id": "O075",
      "product_name": "Ernesto Besteck-Set",
      "brand": "Ernesto",
      "variant": "Aus Edelstahl mit Kunststoffgriffen. Je Set",
      "offer_price": 3.99,
      "price_before": null,
      "uvp": null,
      "unit_price_value": null,
      "unit_price_per": null,
      "discount_percent": null,
      "pack_size_text": "24-teilig",
      "multi_buy_text": null,
      "lidl_plus": false,
      "action_type": "regular",
      "confidence": "high",
      "page": 13
    },
    {
      "offer_id": "O076",
      "product_name": "Silvercrest Brotkasten",
      "brand": "Silvercrest",
      "variant": null,
      "offer_price": 9.99,
      "price_before": 12.99,
      "uvp": null,
      "unit_price_value": null,
      "unit_price_per": null,
      "discount_percent": 23.0,
      "pack_size_text": "Je StÃ¼ck",
      "multi_buy_text": null,
      "lidl_plus": false,
      "action_type": "regular",
      "confidence": "high",
      "page": 14
    },
    {
      "offer_id": "O077",
      "product_name": "Silvercrest Kitchen Tools Fritteuse",
      "brand": "Silvercrest",
      "variant": "Typ_SFT 1900 A1",
      "offer_price": 21.99,
      "price_before": null,
      "uvp": null,
      "unit_price_value": null,
      "unit_price_per": null,
      "discount_percent": null,
      "pack_size_text": "Je StÃ¼ck",
      "multi_buy_text": null,
      "lidl_plus": false,
      "action_type": "regular",
      "confidence": "high",
      "page": 14
    },
    {
      "offer_id": "O078",
      "product_name": "Silvercrest Panini-Maker",
      "brand": "Silvercrest",
      "variant": "Typ_SPM 2000 E2",
      "offer_price": 27.99,
      "price_before": 39.99,
      "uvp": null,
      "unit_price_value": null,
      "unit_price_per": null,
      "discount_percent": 30.0,
      "pack_size_text": "Je StÃ¼ck",
      "multi_buy_text": null,
      "lidl_plus": false,
      "action_type": "regular",
      "confidence": "high",
      "page": 14
    },
    {
      "offer_id": "O079",
      "product_name": "Silvercrest Slush-Eismaschine",
      "brand": "Silvercrest",
      "variant": "Typ_SSM 220 A1",
      "offer_price": 149.0,
      "price_before": null,
      "uvp": null,
      "unit_price_value": null,
      "unit_price_per": null,
      "discount_percent": 25.0,
      "pack_size_text": "Je StÃ¼ck",
      "multi_buy_text": null,
      "lidl_plus": false,
      "action_type": "regular",
      "confidence": "high",
      "page": 14
    },
    {
      "offer_id": "O080",
      "product_name": "Silvercrest Kitchen Tools KÃ¼hlschrank",
      "brand": "Silvercrest",
      "variant": "Typ_HIG7A2A1",
      "offer_price": 149.0,
      "price_before": null,
      "uvp": null,
      "unit_price_value": null,
      "unit_price_per": null,
      "discount_percent": null,
      "pack_size_text": "Je StÃ¼ck",
      "multi_buy_text": null,
      "lidl_plus": false,
      "action_type": "regular",
      "confidence": "high",
      "page": 14
    },
    {
      "offer_id": "O081",
      "product_name": "CrockPot Slow Cooker",
      "brand": "CrockPot",
      "variant": "Typ_SCCPRC507B",
      "offer_price": 44.99,
      "price_before": null,
      "uvp": 97.99,
      "unit_price_value": null,
      "unit_price_per": null,
      "discount_percent": 54.0,
      "pack_size_text": "Je StÃ¼ck",
      "multi_buy_text": null,
      "lidl_plus": false,
      "action_type": "regular",
      "confidence": "high",
      "page": 14
    },
    {
      "offer_id": "O082",
      "product_name": "LG Waschmaschine",
      "brand": "LG",
      "variant": "Typ_F1WTM7S2B",
      "offer_price": 729.0,
      "price_before": 1399.0,
      "uvp": null,
      "unit_price_value": null,
      "unit_price_per": null,
      "discount_percent": 47.0,
      "pack_size_text": "Je StÃ¼ck",
      "multi_buy_text": null,
      "lidl_plus": false,
      "action_type": "regular",
      "confidence": "high",
      "page": 14
    },
    {
      "offer_id": "O083",
      "product_name": "Nuss-Nougat-Croissant",
      "brand": null,
      "variant": "Je 3 StÃ¼ck",
      "offer_price": 1.38,
      "price_before": 2.07,
      "uvp": null,
      "unit_price_value": 2.07,
      "unit_price_per": "kg",
      "discount_percent": 33.0,
      "pack_size_text": "Je 3 StÃ¼ck",
      "multi_buy_text": null,
      "lidl_plus": true,
      "action_type": "lidl_plus",
      "confidence": "high",
      "page": 15
    },
    {
      "offer_id": "O084",
      "product_name": "Wienerle Croissant",
      "brand": null,
      "variant": "Je 3 StÃ¼ck",
      "offer_price": 1.98,
      "price_before": 2.97,
      "uvp": null,
      "unit_price_value": 0.66,
      "unit_price_per": "kg",
      "discount_percent": 33.0,
      "pack_size_text": "Je 3 StÃ¼ck",
      "multi_buy_text": "2+1 gratis",
      "lidl_plus": true,
      "action_type": "lidl_plus",
      "confidence": "high",
      "page": 15
    },
    {
      "offer_id": "O085",
      "product_name": "KÃ¼rbiskernbrÃ¶tchen",
      "brand": null,
      "variant": "Je 3 StÃ¼ck",
      "offer_price": 0.98,
      "price_before": 1.47,
      "uvp": null,
      "unit_price_value": 0.33,
      "unit_price_per": "kg",
      "discount_percent": 33.0,
      "pack_size_text": "Je 3 StÃ¼ck",
      "multi_buy_text": "2+1 gratis",
      "lidl_plus": false,
      "action_type": "regular",
      "confidence": "high",
      "page": 15
    },
    {
      "offer_id": "O086",
      "product_name": "Walnuss-Honig-Brot",
      "brand": null,
      "variant": "Je 380 g",
      "offer_price": 1.99,
      "price_before": null,
      "uvp": null,
      "unit_price_value": 5.24,
      "unit_price_per": "kg",
      "discount_percent": null,
      "pack_size_text": "Je 380 g",
      "multi_buy_text": null,
      "lidl_plus": false,
      "action_type": "regular",
      "confidence": "high",
      "page": 15
    },
    {
      "offer_id": "O087",
      "product_name": "Schoko Cronut",
      "brand": null,
      "variant": null,
      "offer_price": 0.99,
      "price_before": null,
      "uvp": null,
      "unit_price_value": null,
      "unit_price_per": null,
      "discount_percent": null,
      "pack_size_text": null,
      "multi_buy_text": null,
      "lidl_plus": false,
      "action_type": "regular",
      "confidence": "high",
      "page": 15
    },
    {
      "offer_id": "O088",
      "product_name": "Dunkin' Donuts Cheesecake Crumble",
      "brand": "Dunkin'",
      "variant": "Je 154 g",
      "offer_price": 2.79,
      "price_before": null,
      "uvp": null,
      "unit_price_value": 18.12,
      "unit_price_per": "kg",
      "discount_percent": null,
      "pack_size_text": "Je 154 g",
      "multi_buy_text": "2er-Pack",
      "lidl_plus": false,
      "action_type": "regular",
      "confidence": "high",
      "page": 15
    },
    {
      "offer_id": "O089",
      "product_name": "Vemondo Veganes Hack",
      "brand": "Vemondo",
      "variant": null,
      "offer_price": 1.39,
      "price_before": 1.59,
      "uvp": null,
      "unit_price_value": 6.95,
      "unit_price_per": "kg",
      "discount_percent": 12.0,
      "pack_size_text": "2 x 200 g",
      "multi_buy_text": null,
      "lidl_plus": false,
      "action_type": "regular",
      "confidence": "high",
      "page": 16
    },
    {
      "offer_id": "O090",
      "product_name": "Fischerstolz Norwegische Lachsfiletportion",
      "brand": "Fischerstolz",
      "variant": "Mit Haut",
      "offer_price": 4.99,
      "price_before": 5.79,
      "uvp": null,
      "unit_price_value": 16.63,
      "unit_price_per": "kg",
      "discount_percent": 13.0,
      "pack_size_text": "2 x 300 g",
      "multi_buy_text": null,
      "lidl_plus": false,
      "action_type": "regular",
      "confidence": "high",
      "page": 16
    },
    {
      "offer_id": "O091",
      "product_name": "Metzgerfrisch Frisches Schweine-Hackfleisch",
      "brand": "Metzgerfrisch",
      "variant": null,
      "offer_price": null,
      "price_before": null,
      "uvp": null,
      "unit_price_value": 4.44,
      "unit_price_per": "kg",
      "discount_percent": 25.0,
      "pack_size_text": "1 kg",
      "multi_buy_text": null,
      "lidl_plus": false,
      "action_type": "regular",
      "confidence": "high",
      "page": 16
    },
    {
      "offer_id": "O092",
      "product_name": "Metzgerfrisch Frische HÃ¤hnchen-Mini-Steaks",
      "brand": "Metzgerfrisch",
      "variant": null,
      "offer_price": 6.66,
      "price_before": 9.29,
      "uvp": null,
      "unit_price_value": 8.33,
      "unit_price_per": "kg",
      "discount_percent": 28.0,
      "pack_size_text": "3 x 800 g",
      "multi_buy_text": null,
      "lidl_plus": false,
      "action_type": "regular",
      "confidence": "high",
      "page": 16
    },
    {
      "offer_id": "O093",
      "product_name": "Metzgerfrisch Frische grobe Bratwurst",
      "brand": "Metzgerfrisch",
      "variant": "Vom Schwein, roh, gewÃ¼rzt",
      "offer_price": 5.99,
      "price_before": null,
      "uvp": null,
      "unit_price_value": 4.99,
      "unit_price_per": "kg",
      "discount_percent": 30.0,
      "pack_size_text": "12 StÃ¼ck",
      "multi_buy_text": null,
      "lidl_plus": false,
      "action_type": "regular",
      "confidence": "high",
      "page": 16
    },
    {
      "offer_id": "O094",
      "product_name": "Metzgerfrisch Premium Lamm-Filets",
      "brand": "Metzgerfrisch",
      "variant": "In GewÃ¼rzmarinade",
      "offer_price": 14.0,
      "price_before": null,
      "uvp": null,
      "unit_price_value": 27.99,
      "unit_price_per": "kg",
      "discount_percent": null,
      "pack_size_text": "Ca. 500 g",
      "multi_buy_text": null,
      "lidl_plus": false,
      "action_type": "regular",
      "confidence": "high",
      "page": 16
    },
    {
      "offer_id": "O095",
      "product_name": "Metzgerfrisch Kasseler Minutensteaks",
      "brand": "Metzgerfrisch",
      "variant": null,
      "offer_price": 3.33,
      "price_before": 3.99,
      "uvp": null,
      "unit_price_value": 8.33,
      "unit_price_per": "kg",
      "discount_percent": 16.0,
      "pack_size_text": "Ca. 400 g",
      "multi_buy_text": null,
      "lidl_plus": true,
      "action_type": "lidl_plus",
      "confidence": "high",
      "page": 16
    },
    {
      "offer_id": "O096",
      "product_name": "Metzgerfrisch Frische HÃ¤hnchen Oberkeulen-Minutensteaks",
      "brand": "Metzgerfrisch",
      "variant": null,
      "offer_price": 2.99,
      "price_before": 3.79,
      "uvp": null,
      "unit_price_value": 8.31,
      "unit_price_per": "kg",
      "discount_percent": 21.0,
      "pack_size_text": "Ca. 360 g",
      "multi_buy_text": null,
      "lidl_plus": true,
      "action_type": "lidl_plus",
      "confidence": "high",
      "page": 16
    },
    {
      "offer_id": "O097",
      "product_name": "Pahmeyer Kartoffeln",
      "brand": null,
      "variant": "Versch. Sorten",
      "offer_price": 1.69,
      "price_before": 1.99,
      "uvp": null,
      "unit_price_value": 5.12,
      "unit_price_per": "kg",
      "discount_percent": 15.0,
      "pack_size_text": "330 g",
      "multi_buy_text": null,
      "lidl_plus": false,
      "action_type": "regular",
      "confidence": "high",
      "page": 1
    },
    {
      "offer_id": "O098",
      "product_name": "Chef Select Kartoffelsalat",
      "brand": null,
      "variant": "Versch. Sorten",
      "offer_price": 1.69,
      "price_before": null,
      "uvp": null,
      "unit_price_value": 4.23,
      "unit_price_per": "kg",
      "discount_percent": null,
      "pack_size_text": "400 g",
      "multi_buy_text": null,
      "lidl_plus": false,
      "action_type": "regular",
      "confidence": "high",
      "page": 1
    },
    {
      "offer_id": "O099",
      "product_name": "Pahmeyer Reibekuchen XXL",
      "brand": null,
      "variant": "GekÃ¼hlt",
      "offer_price": 2.99,
      "price_before": 3.99,
      "uvp": null,
      "unit_price_value": 4.67,
      "unit_price_per": "kg",
      "discount_percent": 25.0,
      "pack_size_text": "640 g",
      "multi_buy_text": null,
      "lidl_plus": false,
      "action_type": "regular",
      "confidence": "high",
      "page": 1
    },
    {
      "offer_id": "O100",
      "product_name": "BÃ¶rner Eisenacher WurstspezialitÃ¤ten",
      "brand": null,
      "variant": "Versch. Sorten",
      "offer_price": 1.99,
      "price_before": null,
      "uvp": null,
      "unit_price_value": 19.9,
      "unit_price_per": "kg",
      "discount_percent": null,
      "pack_size_text": "100 g",
      "multi_buy_text": null,
      "lidl_plus": false,
      "action_type": "regular",
      "confidence": "high",
      "page": 1
    },
    {
      "offer_id": "O101",
      "product_name": "Sutter Fleischwurst/Krakauer im Ring",
      "brand": null,
      "variant": null,
      "offer_price": 2.49,
      "price_before": 3.29,
      "uvp": null,
      "unit_price_value": 6.23,
      "unit_price_per": "kg",
      "discount_percent": 24.0,
      "pack_size_text": "400 g",
      "multi_buy_text": null,
      "lidl_plus": false,
      "action_type": "regular",
      "confidence": "high",
      "page": 1
    },
    {
      "offer_id": "O102",
      "product_name": "Langewiesche Puten Krustenbraten/Butter Truthahnbrust",
      "brand": null,
      "variant": null,
      "offer_price": 1.99,
      "price_before": 2.49,
      "uvp": null,
      "unit_price_value": 19.9,
      "unit_price_per": "kg",
      "discount_percent": 20.0,
      "pack_size_text": "100 g",
      "multi_buy_text": null,
      "lidl_plus": false,
      "action_type": "regular",
      "confidence": "high",
      "page": 1
    },
    {
      "offer_id": "O103",
      "product_name": "Nadler Sahne Heringsfilets",
      "brand": "Nadler",
      "variant": null,
      "offer_price": 1.99,
      "price_before": null,
      "uvp": 3.89,
      "unit_price_value": 4.52,
      "unit_price_per": "kg",
      "discount_percent": 48.0,
      "pack_size_text": "Je 440 g",
      "multi_buy_text": null,
      "lidl_plus": false,
      "action_type": "regular",
      "confidence": "high",
      "page": 18
    },
    {
      "offer_id": "O104",
      "product_name": "Kinder Milchschnitte/ Pingui",
      "brand": "Kinder",
      "variant": null,
      "offer_price": 2.19,
      "price_before": null,
      "uvp": null,
      "unit_price_value": 11.17,
      "unit_price_per": "kg",
      "discount_percent": null,
      "pack_size_text": "Je 196/180 g",
      "multi_buy_text": null,
      "lidl_plus": false,
      "action_type": "regular",
      "confidence": "high",
      "page": 18
    },
    {
      "offer_id": "O105",
      "product_name": "Landliebe GrieÃŸ-/ Sahlnepudding",
      "brand": "Landliebe",
      "variant": null,
      "offer_price": 0.99,
      "price_before": 1.79,
      "uvp": null,
      "unit_price_value": 3.0,
      "unit_price_per": "kg",
      "discount_percent": 44.0,
      "pack_size_text": "Je 330 g",
      "multi_buy_text": null,
      "lidl_plus": false,
      "action_type": "regular",
      "confidence": "high",
      "page": 18
    },
    {
      "offer_id": "O106",
      "product_name": "Milbona Joghurt mild XXL",
      "brand": "Milbona",
      "variant": null,
      "offer_price": 1.49,
      "price_before": null,
      "uvp": null,
      "unit_price_value": 2.98,
      "unit_price_per": "kg",
      "discount_percent": 16.0,
      "pack_size_text": "500 g",
      "multi_buy_text": null,
      "lidl_plus": false,
      "action_type": "regular",
      "confidence": "high",
      "page": 18
    },
    {
      "offer_id": "O107",
      "product_name": "Nothwang Aufschnitt XXL",
      "brand": "Nothwang",
      "variant": null,
      "offer_price": 1.99,
      "price_before": null,
      "uvp": 2.69,
      "unit_price_value": 13.27,
      "unit_price_per": "kg",
      "discount_percent": 26.0,
      "pack_size_text": "150 g",
      "multi_buy_text": null,
      "lidl_plus": false,
      "action_type": "regular",
      "confidence": "high",
      "page": 18
    },
    {
      "offer_id": "O108",
      "product_name": "Kinder Cards",
      "brand": "Kinder",
      "variant": null,
      "offer_price": 4.99,
      "price_before": null,
      "uvp": null,
      "unit_price_value": 19.49,
      "unit_price_per": "kg",
      "discount_percent": 13.0,
      "pack_size_text": "256 g",
      "multi_buy_text": null,
      "lidl_plus": false,
      "action_type": "regular",
      "confidence": "high",
      "page": 18
    },
    {
      "offer_id": "O109",
      "product_name": "Kinder Ãœberraschung Classic-Ei",
      "brand": "Kinder",
      "variant": null,
      "offer_price": 0.89,
      "price_before": 1.19,
      "uvp": null,
      "unit_price_value": 44.5,
      "unit_price_per": "kg",
      "discount_percent": 25.0,
      "pack_size_text": "20 g",
      "multi_buy_text": null,
      "lidl_plus": false,
      "action_type": "regular",
      "confidence": "high",
      "page": 18
    },
    {
      "offer_id": "O110",
      "product_name": "Aoste Stickado",
      "brand": "Aoste",
      "variant": null,
      "offer_price": 1.79,
      "price_before": null,
      "uvp": 2.49,
      "unit_price_value": 25.57,
      "unit_price_per": "kg",
      "discount_percent": 28.0,
      "pack_size_text": "70/60 g",
      "multi_buy_text": null,
      "lidl_plus": false,
      "action_type": "regular",
      "confidence": "high",
      "page": 18
    },
    {
      "offer_id": "O111",
      "product_name": "Lavazza Crema e Gusto Classico",
      "brand": "Lavazza",
      "variant": null,
      "offer_price": 4.49,
      "price_before": 5.99,
      "uvp": null,
      "unit_price_value": 17.96,
      "unit_price_per": "kg",
      "discount_percent": 25.0,
      "pack_size_text": "250 g",
      "multi_buy_text": null,
      "lidl_plus": false,
      "action_type": "regular",
      "confidence": "high",
      "page": 18
    },
    {
      "offer_id": "O112",
      "product_name": "RotkÃ¤ppchen Fruchtsecco",
      "brand": "RotkÃ¤ppchen",
      "variant": null,
      "offer_price": 2.99,
      "price_before": null,
      "uvp": 4.99,
      "unit_price_value": 3.99,
      "unit_price_per": "l",
      "discount_percent": 40.0,
      "pack_size_text": "0.75 l",
      "multi_buy_text": null,
      "lidl_plus": false,
      "action_type": "restricted",
      "confidence": "high",
      "page": 18
    },
    {
      "offer_id": "O113",
      "product_name": "Vemondo Vegane Leberwurst",
      "brand": "Vemondo",
      "variant": null,
      "offer_price": 1.54,
      "price_before": 1.72,
      "uvp": null,
      "unit_price_value": 11.47,
      "unit_price_per": "kg",
      "discount_percent": 10.0,
      "pack_size_text": "150 g",
      "multi_buy_text": null,
      "lidl_plus": true,
      "action_type": "lidl_plus",
      "confidence": "high",
      "page": 19
    },
    {
      "offer_id": "O114",
      "product_name": "Vemondo Vegane Chunks",
      "brand": "Vemondo",
      "variant": null,
      "offer_price": 2.2,
      "price_before": 2.45,
      "uvp": null,
      "unit_price_value": 13.24,
      "unit_price_per": "kg",
      "discount_percent": 10.0,
      "pack_size_text": "180 g",
      "multi_buy_text": null,
      "lidl_plus": true,
      "action_type": "lidl_plus",
      "confidence": "high",
      "page": 19
    },
    {
      "offer_id": "O115",
      "product_name": "Vemondo Vegane Gyros-Alternative",
      "brand": "Vemondo",
      "variant": null,
      "offer_price": 1.79,
      "price_before": 1.99,
      "uvp": null,
      "unit_price_value": 5.97,
      "unit_price_per": "kg",
      "discount_percent": 10.0,
      "pack_size_text": "300 g",
      "multi_buy_text": null,
      "lidl_plus": true,
      "action_type": "lidl_plus",
      "confidence": "high",
      "page": 19
    },
    {
      "offer_id": "O116",
      "product_name": "Vemondo Vegane Falafel",
      "brand": "Vemondo",
      "variant": null,
      "offer_price": 1.79,
      "price_before": 1.99,
      "uvp": null,
      "unit_price_value": 9.95,
      "unit_price_per": "kg",
      "discount_percent": 10.0,
      "pack_size_text": "200 g",
      "multi_buy_text": null,
      "lidl_plus": true,
      "action_type": "lidl_plus",
      "confidence": "high",
      "page": 19
    },
    {
      "offer_id": "O117",
      "product_name": "Vemondo Vegane Rostbratwurst-Alternative",
      "brand": "Vemondo",
      "variant": null,
      "offer_price": 1.61,
      "price_before": 1.79,
      "uvp": null,
      "unit_price_value": 9.94,
      "unit_price_per": "kg",
      "discount_percent": 10.0,
      "pack_size_text": "180 g",
      "multi_buy_text": null,
      "lidl_plus": true,
      "action_type": "lidl_plus",
      "confidence": "high",
      "page": 19
    },
    {
      "offer_id": "O118",
      "product_name": "Vemondo Veganes Pesto",
      "brand": "Vemondo",
      "variant": null,
      "offer_price": 0.89,
      "price_before": 0.99,
      "uvp": null,
      "unit_price_value": 5.21,
      "unit_price_per": "kg",
      "discount_percent": 10.0,
      "pack_size_text": "190 g",
      "multi_buy_text": null,
      "lidl_plus": true,
      "action_type": "lidl_plus",
      "confidence": "high",
      "page": 19
    },
    {
      "offer_id": "O119",
      "product_name": "Vemondo Veganer Goldessa Aufstrich",
      "brand": "Vemondo",
      "variant": "Versch. Sorten",
      "offer_price": 1.15,
      "price_before": null,
      "uvp": null,
      "unit_price_value": 5.89,
      "unit_price_per": "kg",
      "discount_percent": 10.0,
      "pack_size_text": "Je 175 g",
      "multi_buy_text": null,
      "lidl_plus": true,
      "action_type": "lidl_plus",
      "confidence": "high",
      "page": 20
    },
    {
      "offer_id": "O120",
      "product_name": "Vemondo Vegane No Butter",
      "brand": "Vemondo",
      "variant": null,
      "offer_price": 0.89,
      "price_before": 0.99,
      "uvp": null,
      "unit_price_value": 3.56,
      "unit_price_per": "kg",
      "discount_percent": 10.0,
      "pack_size_text": "Je 250 g",
      "multi_buy_text": null,
      "lidl_plus": true,
      "action_type": "lidl_plus",
      "confidence": "high",
      "page": 20
    },
    {
      "offer_id": "O121",
      "product_name": "Vemondo Veganer Reibegenuss",
      "brand": "Vemondo",
      "variant": null,
      "offer_price": 0.89,
      "price_before": 0.99,
      "uvp": null,
      "unit_price_value": 5.93,
      "unit_price_per": "kg",
      "discount_percent": 10.0,
      "pack_size_text": "Je 150 g",
      "multi_buy_text": null,
      "lidl_plus": true,
      "action_type": "lidl_plus",
      "confidence": "high",
      "page": 20
    },
    {
      "offer_id": "O122",
      "product_name": "Vemondo Vegane Bio Joghurtalternative Kokos Natur",
      "brand": "Vemondo",
      "variant": null,
      "offer_price": 1.21,
      "price_before": 1.35,
      "uvp": null,
      "unit_price_value": 3.03,
      "unit_price_per": "kg",
      "discount_percent": 10.0,
      "pack_size_text": "Je 400 g",
      "multi_buy_text": null,
      "lidl_plus": true,
      "action_type": "lidl_plus",
      "confidence": "high",
      "page": 20
    },
    {
      "offer_id": "O123",
      "product_name": "Vemondo Vegane Soja Joghurtalternative Classic",
      "brand": "Vemondo",
      "variant": null,
      "offer_price": 0.89,
      "price_before": 0.99,
      "uvp": null,
      "unit_price_value": 1.78,
      "unit_price_per": "kg",
      "discount_percent": 10.0,
      "pack_size_text": "Je 500 g",
      "multi_buy_text": null,
      "lidl_plus": true,
      "action_type": "lidl_plus",
      "confidence": "high",
      "page": 20
    },
    {
      "offer_id": "O124",
      "product_name": "Vemondo Vegane Bio Hafer Creme Cuisine",
      "brand": "Vemondo",
      "variant": null,
      "offer_price": 0.8,
      "price_before": 0.89,
      "uvp": null,
      "unit_price_value": 3.2,
      "unit_price_per": "l",
      "discount_percent": 10.0,
      "pack_size_text": "Je 250 ml",
      "multi_buy_text": null,
      "lidl_plus": true,
      "action_type": "lidl_plus",
      "confidence": "high",
      "page": 20
    },
    {
      "offer_id": "O125",
      "product_name": "Vemondo Vegane No Milk Haferdrink",
      "brand": "Vemondo",
      "variant": null,
      "offer_price": 0.85,
      "price_before": 0.95,
      "uvp": null,
      "unit_price_value": null,
      "unit_price_per": null,
      "discount_percent": 10.0,
      "pack_size_text": null,
      "multi_buy_text": null,
      "lidl_plus": true,
      "action_type": "lidl_plus",
      "confidence": "high",
      "page": 20
    },
    {
      "offer_id": "O126",
      "product_name": "Sweet Corner Apfelringe/Saure WÃ¼rmer",
      "brand": "Sweet Corner",
      "variant": null,
      "offer_price": 1.19,
      "price_before": 1.49,
      "uvp": null,
      "unit_price_value": 2.98,
      "unit_price_per": "kg",
      "discount_percent": 20.0,
      "pack_size_text": "Je 400 g",
      "multi_buy_text": null,
      "lidl_plus": true,
      "action_type": "lidl_plus",
      "confidence": "high",
      "page": 21
    },
    {
      "offer_id": "O127",
      "product_name": "Sweet Corner Fruchtgummi Bunte MÃ¤use",
      "brand": "Sweet Corner",
      "variant": null,
      "offer_price": 0.99,
      "price_before": 1.39,
      "uvp": null,
      "unit_price_value": 3.3,
      "unit_price_per": "kg",
      "discount_percent": 28.0,
      "pack_size_text": "Je 300 g",
      "multi_buy_text": null,
      "lidl_plus": true,
      "action_type": "lidl_plus",
      "confidence": "high",
      "page": 21
    },
    {
      "offer_id": "O128",
      "product_name": "Sweet Corner Fruchtgummi Versch. Sorten",
      "brand": "Sweet Corner",
      "variant": null,
      "offer_price": 0.89,
      "price_before": 1.19,
      "uvp": null,
      "unit_price_value": 2.97,
      "unit_price_per": "kg",
      "discount_percent": 25.0,
      "pack_size_text": "Je 300 g",
      "multi_buy_text": null,
      "lidl_plus": true,
      "action_type": "lidl_plus",
      "confidence": "high",
      "page": 21
    },
    {
      "offer_id": "O129",
      "product_name": "Sweet Corner Mega BÃ¤rchen",
      "brand": "Sweet Corner",
      "variant": null,
      "offer_price": 0.99,
      "price_before": 1.29,
      "uvp": null,
      "unit_price_value": 3.3,
      "unit_price_per": "kg",
      "discount_percent": 23.0,
      "pack_size_text": "Je 300 g",
      "multi_buy_text": null,
      "lidl_plus": true,
      "action_type": "lidl_plus",
      "confidence": "high",
      "page": 21
    },
    {
      "offer_id": "O130",
      "product_name": "Sweet Corner BÃ¤rchen",
      "brand": "Sweet Corner",
      "variant": null,
      "offer_price": 0.79,
      "price_before": 0.99,
      "uvp": null,
      "unit_price_value": 3.95,
      "unit_price_per": "kg",
      "discount_percent": 20.0,
      "pack_size_text": "Je 200 g",
      "multi_buy_text": null,
      "lidl_plus": true,
      "action_type": "lidl_plus",
      "confidence": "high",
      "page": 21
    },
    {
      "offer_id": "O131",
      "product_name": "Sweet Corner Party Mix Minis Fruchtgummi",
      "brand": "Sweet Corner",
      "variant": null,
      "offer_price": 1.99,
      "price_before": 2.49,
      "uvp": null,
      "unit_price_value": 4.68,
      "unit_price_per": "kg",
      "discount_percent": 20.0,
      "pack_size_text": "Je 425 g",
      "multi_buy_text": null,
      "lidl_plus": true,
      "action_type": "lidl_plus",
      "confidence": "high",
      "page": 21
    },
    {
      "offer_id": "O132",
      "product_name": "Sweet Corner Kaubo Cubbys",
      "brand": null,
      "variant": "Versch. Sorten",
      "offer_price": 0.79,
      "price_before": 0.99,
      "uvp": null,
      "unit_price_value": 3.59,
      "unit_price_per": "kg",
      "discount_percent": 20.0,
      "pack_size_text": "Je 220 g",
      "multi_buy_text": null,
      "lidl_plus": true,
      "action_type": "lidl_plus",
      "confidence": "high",
      "page": 22
    },
    {
      "offer_id": "O133",
      "product_name": "Sweet Corner Fruchtgummi Mix",
      "brand": null,
      "variant": "Versch. Sorten",
      "offer_price": 3.49,
      "price_before": 4.29,
      "uvp": null,
      "unit_price_value": 4.29,
      "unit_price_per": "kg",
      "discount_percent": 18.0,
      "pack_size_text": "Je 1 kg",
      "multi_buy_text": null,
      "lidl_plus": true,
      "action_type": "lidl_plus",
      "confidence": "high",
      "page": 22
    },
    {
      "offer_id": "O134",
      "product_name": "Sweet Corner Kaubo Mix",
      "brand": null,
      "variant": "Versch. Sorten",
      "offer_price": 1.79,
      "price_before": 2.29,
      "uvp": null,
      "unit_price_value": 4.48,
      "unit_price_per": "kg",
      "discount_percent": 21.0,
      "pack_size_text": "Je 400/325 g",
      "multi_buy_text": null,
      "lidl_plus": true,
      "action_type": "lidl_plus",
      "confidence": "high",
      "page": 22
    },
    {
      "offer_id": "O135",
      "product_name": "Sweet Corner Fruchtkaubonbons",
      "brand": null,
      "variant": "Versch. Sorten",
      "offer_price": 1.69,
      "price_before": 1.99,
      "uvp": null,
      "unit_price_value": 3.38,
      "unit_price_per": "kg",
      "discount_percent": 15.0,
      "pack_size_text": "Je 500 g",
      "multi_buy_text": null,
      "lidl_plus": true,
      "action_type": "lidl_plus",
      "confidence": "high",
      "page": 22
    },
    {
      "offer_id": "O136",
      "product_name": "Amanie Hustenbonbons",
      "brand": null,
      "variant": "Versch. Sorten",
      "offer_price": 1.25,
      "price_before": 1.39,
      "uvp": null,
      "unit_price_value": 5.56,
      "unit_price_per": "kg",
      "discount_percent": 10.0,
      "pack_size_text": "Je 250 g",
      "multi_buy_text": null,
      "lidl_plus": true,
      "action_type": "lidl_plus",
      "confidence": "high",
      "page": 22
    },
    {
      "offer_id": "O137",
      "product_name": "Sweet Corner FrÃ¼chtchen",
      "brand": null,
      "variant": "Versch. Sorten",
      "offer_price": 1.11,
      "price_before": 1.39,
      "uvp": null,
      "unit_price_value": 3.7,
      "unit_price_per": "kg",
      "discount_percent": 20.0,
      "pack_size_text": "Je 300 g",
      "multi_buy_text": null,
      "lidl_plus": true,
      "action_type": "lidl_plus",
      "confidence": "high",
      "page": 22
    },
    {
      "offer_id": "O138",
      "product_name": "Amanie Eukalyptus-Menthol-Bonbons",
      "brand": null,
      "variant": "Versch. Sorten",
      "offer_price": 1.61,
      "price_before": 1.79,
      "uvp": null,
      "unit_price_value": 3.31,
      "unit_price_per": "kg",
      "discount_percent": 10.0,
      "pack_size_text": "Je 540/250 g",
      "multi_buy_text": null,
      "lidl_plus": true,
      "action_type": "lidl_plus",
      "confidence": "high",
      "page": 22
    },
    {
      "offer_id": "O139",
      "product_name": "Korifeos Ouzo",
      "brand": null,
      "variant": null,
      "offer_price": 8.99,
      "price_before": 9.99,
      "uvp": null,
      "unit_price_value": 12.84,
      "unit_price_per": "l",
      "discount_percent": 10.0,
      "pack_size_text": "je 0,7 l",
      "multi_buy_text": null,
      "lidl_plus": false,
      "action_type": "restricted",
      "confidence": "high",
      "page": 23
    },
    {
      "offer_id": "O140",
      "product_name": "Vega Cadur Brandy de Jerez Solera Reserva",
      "brand": null,
      "variant": null,
      "offer_price": 10.99,
      "price_before": 14.99,
      "uvp": null,
      "unit_price_value": 15.7,
      "unit_price_per": "l",
      "discount_percent": 26.0,
      "pack_size_text": "je 0,7 l",
      "multi_buy_text": null,
      "lidl_plus": false,
      "action_type": "restricted",
      "confidence": "high",
      "page": 23
    },
    {
      "offer_id": "O141",
      "product_name": "Ron Rumbero Kubanischer Rum 7 Jahre",
      "brand": null,
      "variant": null,
      "offer_price": 12.99,
      "price_before": 14.99,
      "uvp": null,
      "unit_price_value": 18.56,
      "unit_price_per": "l",
      "discount_percent": 13.0,
      "pack_size_text": "je 0,7 l",
      "multi_buy_text": null,
      "lidl_plus": false,
      "action_type": "restricted",
      "confidence": "high",
      "page": 23
    },
    {
      "offer_id": "O142",
      "product_name": "GOLDHAUCH Haselnuss Edelbrand",
      "brand": null,
      "variant": null,
      "offer_price": 10.99,
      "price_before": 12.99,
      "uvp": null,
      "unit_price_value": 21.98,
      "unit_price_per": "l",
      "discount_percent": 15.0,
      "pack_size_text": "je 0,7 l",
      "multi_buy_text": null,
      "lidl_plus": false,
      "action_type": "restricted",
      "confidence": "high",
      "page": 23
    },
    {
      "offer_id": "O143",
      "product_name": "GOLDHAUCH Williams-Christ-Birnenbrand mit Frucht",
      "brand": null,
      "variant": null,
      "offer_price": 19.99,
      "price_before": 24.99,
      "uvp": null,
      "unit_price_value": 28.56,
      "unit_price_per": "l",
      "discount_percent": 20.0,
      "pack_size_text": "je 0,7 l",
      "multi_buy_text": null,
      "lidl_plus": false,
      "action_type": "restricted",
      "confidence": "high",
      "page": 23
    },
    {
      "offer_id": "O144",
      "product_name": "Ben Bracken Scottish Dry Gin",
      "brand": null,
      "variant": null,
      "offer_price": 10.99,
      "price_before": 14.99,
      "uvp": null,
      "unit_price_value": 15.7,
      "unit_price_per": "l",
      "discount_percent": 26.0,
      "pack_size_text": "0.7 l",
      "multi_buy_text": null,
      "lidl_plus": false,
      "action_type": "restricted",
      "confidence": "high",
      "page": 24
    },
    {
      "offer_id": "O145",
      "product_name": "Allini FreeSecco 0,0%, alkoholfrei",
      "brand": null,
      "variant": null,
      "offer_price": 5.39,
      "price_before": 5.99,
      "uvp": null,
      "unit_price_value": 7.19,
      "unit_price_per": "l",
      "discount_percent": 10.0,
      "pack_size_text": "0.75 l",
      "multi_buy_text": null,
      "lidl_plus": true,
      "action_type": "lidl_plus",
      "confidence": "high",
      "page": 24
    },
    {
      "offer_id": "O146",
      "product_name": "Amarone della Valpolicella Classico DOCG, Rotwein, trocken",
      "brand": null,
      "variant": null,
      "offer_price": 19.99,
      "price_before": null,
      "uvp": null,
      "unit_price_value": 26.65,
      "unit_price_per": "l",
      "discount_percent": null,
      "pack_size_text": "0.75 l",
      "multi_buy_text": null,
      "lidl_plus": false,
      "action_type": "restricted",
      "confidence": "high",
      "page": 24
    },
    {
      "offer_id": "O147",
      "product_name": "Marquis de Plagne Bio CrÃ©mant de Loire AOC, Schaumwein, brut",
      "brand": null,
      "variant": null,
      "offer_price": 8.99,
      "price_before": 9.99,
      "uvp": null,
      "unit_price_value": 11.99,
      "unit_price_per": "l",
      "discount_percent": 10.0,
      "pack_size_text": "0.75 l",
      "multi_buy_text": null,
      "lidl_plus": false,
      "action_type": "restricted",
      "confidence": "high",
      "page": 24
    },
    {
      "offer_id": "O148",
      "product_name": "Heidsieck & Co Monopole Bronze Top, Champagner, brut",
      "brand": null,
      "variant": null,
      "offer_price": 24.99,
      "price_before": 29.99,
      "uvp": null,
      "unit_price_value": 33.32,
      "unit_price_per": "l",
      "discount_percent": null,
      "pack_size_text": "0.75 l",
      "multi_buy_text": null,
      "lidl_plus": false,
      "action_type": "restricted",
      "confidence": "high",
      "page": 24
    },
    {
      "offer_id": "O149",
      "product_name": "Mezquiriz Tempranillo Tinto Roble DO, Rotwein, trocken",
      "brand": null,
      "variant": null,
      "offer_price": 4.89,
      "price_before": 6.99,
      "uvp": null,
      "unit_price_value": 6.52,
      "unit_price_per": "l",
      "discount_percent": 30.0,
      "pack_size_text": "0.75 l",
      "multi_buy_text": null,
      "lidl_plus": false,
      "action_type": "restricted",
      "confidence": "high",
      "page": 24
    },
    {
      "offer_id": "O150",
      "product_name": "River Terrace Sauvignon Blanc Reserve Blush, WeiÃŸwein, trocken",
      "brand": null,
      "variant": null,
      "offer_price": 7.99,
      "price_before": 9.99,
      "uvp": null,
      "unit_price_value": 10.65,
      "unit_price_per": "l",
      "discount_percent": 20.0,
      "pack_size_text": "0.75 l",
      "multi_buy_text": null,
      "lidl_plus": false,
      "action_type": "restricted",
      "confidence": "high",
      "page": 24
    },
    {
      "offer_id": "O151",
      "product_name": "Veuve Thomassin rosÃ©, Champagner, brut",
      "brand": null,
      "variant": null,
      "offer_price": 22.99,
      "price_before": 27.99,
      "uvp": null,
      "unit_price_value": 30.65,
      "unit_price_per": "l",
      "discount_percent": null,
      "pack_size_text": "0.75 l",
      "multi_buy_text": null,
      "lidl_plus": false,
      "action_type": "restricted",
      "confidence": "high",
      "page": 24
    },
    {
      "offer_id": "O152",
      "product_name": "Riesling Scheurebe QbA, WeiÃŸwein, halbtrocken",
      "brand": null,
      "variant": null,
      "offer_price": 4.99,
      "price_before": null,
      "uvp": null,
      "unit_price_value": 6.65,
      "unit_price_per": "l",
      "discount_percent": null,
      "pack_size_text": "0.75 l",
      "multi_buy_text": null,
      "lidl_plus": false,
      "action_type": "restricted",
      "confidence": "high",
      "page": 24
    },
    {
      "offer_id": "O153",
      "product_name": "Parkside Akku-HandkreissÃ¤ge 20 V",
      "brand": "Parkside",
      "variant": null,
      "offer_price": 34.99,
      "price_before": null,
      "uvp": null,
      "unit_price_value": null,
      "unit_price_per": null,
      "discount_percent": null,
      "pack_size_text": null,
      "multi_buy_text": null,
      "lidl_plus": false,
      "action_type": "regular",
      "confidence": "high",
      "page": 25
    },
    {
      "offer_id": "O154",
      "product_name": "Parkside Performance SÃ¤geblatt",
      "brand": "Parkside",
      "variant": null,
      "offer_price": 5.99,
      "price_before": 7.99,
      "uvp": null,
      "unit_price_value": null,
      "unit_price_per": null,
      "discount_percent": 25.0,
      "pack_size_text": null,
      "multi_buy_text": null,
      "lidl_plus": false,
      "action_type": "regular",
      "confidence": "high",
      "page": 25
    },
    {
      "offer_id": "O155",
      "product_name": "Parkside Akku-Bandfeile 20 V",
      "brand": "Parkside",
      "variant": null,
      "offer_price": 29.99,
      "price_before": null,
      "uvp": null,
      "unit_price_value": null,
      "unit_price_per": null,
      "discount_percent": null,
      "pack_size_text": null,
      "multi_buy_text": null,
      "lidl_plus": false,
      "action_type": "regular",
      "confidence": "high",
      "page": 25
    },
    {
      "offer_id": "O156",
      "product_name": "Parkside Akku 20 V/4 Ah",
      "brand": "Parkside",
      "variant": null,
      "offer_price": 19.99,
      "price_before": null,
      "uvp": null,
      "unit_price_value": null,
      "unit_price_per": null,
      "discount_percent": null,
      "pack_size_text": null,
      "multi_buy_text": null,
      "lidl_plus": false,
      "action_type": "regular",
      "confidence": "high",
      "page": 25
    },
    {
      "offer_id": "O157",
      "product_name": "Parkside Akku 20 V/2 Ah + LadegerÃ¤t 2,4 A",
      "brand": "Parkside",
      "variant": null,
      "offer_price": 19.99,
      "price_before": null,
      "uvp": null,
      "unit_price_value": null,
      "unit_price_per": null,
      "discount_percent": null,
      "pack_size_text": null,
      "multi_buy_text": null,
      "lidl_plus": false,
      "action_type": "regular",
      "confidence": "high",
      "page": 25
    },
    {
      "offer_id": "O158",
      "product_name": "Parkside Akku-SchnellladegerÃ¤t 20 V/4,5 A",
      "brand": "Parkside",
      "variant": null,
      "offer_price": 9.99,
      "price_before": null,
      "uvp": null,
      "unit_price_value": null,
      "unit_price_per": null,
      "discount_percent": null,
      "pack_size_text": null,
      "multi_buy_text": null,
      "lidl_plus": false,
      "action_type": "regular",
      "confidence": "high",
      "page": 25
    },
    {
      "offer_id": "O159",
      "product_name": "Verkandtangenset, 3-teilig",
      "brand": null,
      "variant": null,
      "offer_price": null,
      "price_before": null,
      "uvp": null,
      "unit_price_value": null,
      "unit_price_per": null,
      "discount_percent": null,
      "pack_size_text": "3-teilig",
      "multi_buy_text": null,
      "lidl_plus": false,
      "action_type": "regular",
      "confidence": "low",
      "page": 26
    },
    {
      "offer_id": "O160",
      "product_name": "Schmierverschluss-Bithalter mit DrehhÃ¼lse",
      "brand": null,
      "variant": null,
      "offer_price": null,
      "price_before": null,
      "uvp": null,
      "unit_price_value": null,
      "unit_price_per": null,
      "discount_percent": null,
      "pack_size_text": null,
      "multi_buy_text": null,
      "lidl_plus": false,
      "action_type": "regular",
      "confidence": "low",
      "page": 26
    },
    {
      "offer_id": "O161",
      "product_name": "Trockenbau-Bit-Set, 6-teilig",
      "brand": null,
      "variant": null,
      "offer_price": null,
      "price_before": null,
      "uvp": null,
      "unit_price_value": null,
      "unit_price_per": null,
      "discount_percent": null,
      "pack_size_text": "6-teilig",
      "multi_buy_text": null,
      "lidl_plus": false,
      "action_type": "regular",
      "confidence": "low",
      "page": 26
    },
    {
      "offer_id": "O162",
      "product_name": "Parkside BitverlÃ¤ngerung/Vierkantadapter/Bit-Set",
      "brand": "Parkside",
      "variant": null,
      "offer_price": 1.99,
      "price_before": 3.99,
      "uvp": null,
      "unit_price_value": null,
      "unit_price_per": null,
      "discount_percent": 50.0,
      "pack_size_text": "Je StÃ¼ck/Set",
      "multi_buy_text": null,
      "lidl_plus": false,
      "action_type": "regular",
      "confidence": "high",
      "page": 26
    },
    {
      "offer_id": "O163",
      "product_name": "Parkside Akku-Schlagbohrschrauber 20 V",
      "brand": "Parkside",
      "variant": null,
      "offer_price": 19.99,
      "price_before": null,
      "uvp": null,
      "unit_price_value": null,
      "unit_price_per": null,
      "discount_percent": null,
      "pack_size_text": "Je StÃ¼ck",
      "multi_buy_text": null,
      "lidl_plus": false,
      "action_type": "regular",
      "confidence": "high",
      "page": 26
    },
    {
      "offer_id": "O164",
      "product_name": "Parkside Bit-/Bit- und SteckschlÃ¼sselsatz",
      "brand": "Parkside",
      "variant": null,
      "offer_price": 7.99,
      "price_before": 12.99,
      "uvp": null,
      "unit_price_value": null,
      "unit_price_per": null,
      "discount_percent": 38.0,
      "pack_size_text": "Je Set",
      "multi_buy_text": null,
      "lidl_plus": false,
      "action_type": "regular",
      "confidence": "high",
      "page": 26
    },
    {
      "offer_id": "O165",
      "product_name": "Parkside Bohrer-Bit-Set",
      "brand": "Parkside",
      "variant": null,
      "offer_price": 14.99,
      "price_before": null,
      "uvp": null,
      "unit_price_value": null,
      "unit_price_per": null,
      "discount_percent": null,
      "pack_size_text": "Je Set",
      "multi_buy_text": null,
      "lidl_plus": false,
      "action_type": "regular",
      "confidence": "high",
      "page": 26
    },
    {
      "offer_id": "O166",
      "product_name": "Parkside Akku-Bohrschrauber 20 V",
      "brand": "Parkside",
      "variant": null,
      "offer_price": 14.99,
      "price_before": 19.99,
      "uvp": null,
      "unit_price_value": null,
      "unit_price_per": null,
      "discount_percent": 25.0,
      "pack_size_text": "Je StÃ¼ck",
      "multi_buy_text": null,
      "lidl_plus": true,
      "action_type": "lidl_plus",
      "confidence": "high",
      "page": 26
    },
    {
      "offer_id": "O167",
      "product_name": "Parkside Akku-Kompressor und -Luftpumpe 20 V",
      "brand": "Parkside",
      "variant": null,
      "offer_price": 24.99,
      "price_before": null,
      "uvp": null,
      "unit_price_value": null,
      "unit_price_per": null,
      "discount_percent": null,
      "pack_size_text": null,
      "multi_buy_text": null,
      "lidl_plus": false,
      "action_type": "regular",
      "confidence": "high",
      "page": 27
    },
    {
      "offer_id": "O168",
      "product_name": "Parkside Akku-BandsÃ¤ge 20 V",
      "brand": "Parkside",
      "variant": null,
      "offer_price": 59.99,
      "price_before": 99.99,
      "uvp": null,
      "unit_price_value": null,
      "unit_price_per": null,
      "discount_percent": 40.0,
      "pack_size_text": null,
      "multi_buy_text": null,
      "lidl_plus": false,
      "action_type": "regular",
      "confidence": "high",
      "page": 27
    },
    {
      "offer_id": "O169",
      "product_name": "Parkside Akku-Baustellenradio 20 V",
      "brand": "Parkside",
      "variant": null,
      "offer_price": 59.99,
      "price_before": 69.99,
      "uvp": null,
      "unit_price_value": null,
      "unit_price_per": null,
      "discount_percent": 14.0,
      "pack_size_text": null,
      "multi_buy_text": null,
      "lidl_plus": true,
      "action_type": "lidl_plus",
      "confidence": "high",
      "page": 27
    },
    {
      "offer_id": "O170",
      "product_name": "Parkside Klemm- und FÃ¼hrungsschiene",
      "brand": "Parkside",
      "variant": null,
      "offer_price": 7.99,
      "price_before": 12.99,
      "uvp": null,
      "unit_price_value": null,
      "unit_price_per": null,
      "discount_percent": 38.0,
      "pack_size_text": null,
      "multi_buy_text": null,
      "lidl_plus": true,
      "action_type": "lidl_plus",
      "confidence": "high",
      "page": 27
    },
    {
      "offer_id": "O171",
      "product_name": "Parkside Bohr- und MeiÃŸelhammer",
      "brand": "Parkside",
      "variant": "Typ PBH 1500 C3",
      "offer_price": 49.99,
      "price_before": 57.99,
      "uvp": null,
      "unit_price_value": null,
      "unit_price_per": null,
      "discount_percent": 13.0,
      "pack_size_text": "Je StÃ¼ck",
      "multi_buy_text": null,
      "lidl_plus": false,
      "action_type": "regular",
      "confidence": "high",
      "page": 28
    },
    {
      "offer_id": "O172",
      "product_name": "Parkside Akku-Kartuschenpresse 20 V",
      "brand": "Parkside",
      "variant": "Typ PKAP 20-Li A2",
      "offer_price": 32.99,
      "price_before": null,
      "uvp": null,
      "unit_price_value": null,
      "unit_price_per": null,
      "discount_percent": null,
      "pack_size_text": "Je StÃ¼ck",
      "multi_buy_text": null,
      "lidl_plus": false,
      "action_type": "regular",
      "confidence": "high",
      "page": 28
    },
    {
      "offer_id": "O173",
      "product_name": "Parkside Schwing- und Multischleifer",
      "brand": "Parkside",
      "variant": "Typ PSS 270 C3",
      "offer_price": 19.99,
      "price_before": 26.99,
      "uvp": null,
      "unit_price_value": null,
      "unit_price_per": null,
      "discount_percent": 25.0,
      "pack_size_text": "Je StÃ¼ck",
      "multi_buy_text": null,
      "lidl_plus": false,
      "action_type": "regular",
      "confidence": "high",
      "page": 28
    },
    {
      "offer_id": "O174",
      "product_name": "Parkside TauchsÃ¤ge",
      "brand": "Parkside",
      "variant": "Typ PTSS 1200 D3",
      "offer_price": 64.99,
      "price_before": 99.99,
      "uvp": null,
      "unit_price_value": null,
      "unit_price_per": null,
      "discount_percent": 35.0,
      "pack_size_text": "Je StÃ¼ck",
      "multi_buy_text": null,
      "lidl_plus": false,
      "action_type": "regular",
      "confidence": "high",
      "page": 28
    },
    {
      "offer_id": "O175",
      "product_name": "Livarno Bad-Hochschrank",
      "brand": "Livarno",
      "variant": null,
      "offer_price": 49.99,
      "price_before": 57.99,
      "uvp": null,
      "unit_price_value": null,
      "unit_price_per": null,
      "discount_percent": 13.0,
      "pack_size_text": null,
      "multi_buy_text": null,
      "lidl_plus": false,
      "action_type": "regular",
      "confidence": "high",
      "page": 29
    },
    {
      "offer_id": "O176",
      "product_name": "Livarno Waschbecken-Unterschrank",
      "brand": "Livarno",
      "variant": null,
      "offer_price": 29.99,
      "price_before": 37.99,
      "uvp": null,
      "unit_price_value": null,
      "unit_price_per": null,
      "discount_percent": 21.0,
      "pack_size_text": null,
      "multi_buy_text": null,
      "lidl_plus": false,
      "action_type": "regular",
      "confidence": "high",
      "page": 29
    },
    {
      "offer_id": "O177",
      "product_name": "Livarno Nischen-Hochschrank",
      "brand": "Livarno",
      "variant": null,
      "offer_price": 29.99,
      "price_before": null,
      "uvp": null,
      "unit_price_value": null,
      "unit_price_per": null,
      "discount_percent": null,
      "pack_size_text": null,
      "multi_buy_text": null,
      "lidl_plus": false,
      "action_type": "regular",
      "confidence": "high",
      "page": 29
    },
    {
      "offer_id": "O178",
      "product_name": "Livarno Home Duroplast WC-Sitz",
      "brand": "Livarno",
      "variant": null,
      "offer_price": 12.99,
      "price_before": 21.99,
      "uvp": null,
      "unit_price_value": null,
      "unit_price_per": null,
      "discount_percent": 40.0,
      "pack_size_text": null,
      "multi_buy_text": null,
      "lidl_plus": false,
      "action_type": "regular",
      "confidence": "high",
      "page": 29
    },
    {
      "offer_id": "O179",
      "product_name": "Livarno Raumklimastation mit Warnfunktion",
      "brand": "Livarno",
      "variant": null,
      "offer_price": 7.99,
      "price_before": 9.99,
      "uvp": null,
      "unit_price_value": null,
      "unit_price_per": null,
      "discount_percent": 20.0,
      "pack_size_text": null,
      "multi_buy_text": null,
      "lidl_plus": false,
      "action_type": "regular",
      "confidence": "high",
      "page": 29
    },
    {
      "offer_id": "O180",
      "product_name": "Livarno LED-Badleuchte",
      "brand": "Livarno",
      "variant": null,
      "offer_price": 7.99,
      "price_before": 9.99,
      "uvp": null,
      "unit_price_value": null,
      "unit_price_per": null,
      "discount_percent": 20.0,
      "pack_size_text": null,
      "multi_buy_text": null,
      "lidl_plus": false,
      "action_type": "regular",
      "confidence": "high",
      "page": 29
    },
    {
      "offer_id": "O181",
      "product_name": "Livarno Badematte",
      "brand": "Livarno",
      "variant": null,
      "offer_price": 3.99,
      "price_before": null,
      "uvp": null,
      "unit_price_value": null,
      "unit_price_per": null,
      "discount_percent": null,
      "pack_size_text": "ca. 50 x 80 cm",
      "multi_buy_text": null,
      "lidl_plus": false,
      "action_type": "regular",
      "confidence": "high",
      "page": 29
    },
    {
      "offer_id": "O182",
      "product_name": "Livarno Frotier-HandtÃ¼cher/Duschtuch",
      "brand": "Livarno",
      "variant": null,
      "offer_price": 7.99,
      "price_before": null,
      "uvp": null,
      "unit_price_value": null,
      "unit_price_per": null,
      "discount_percent": null,
      "pack_size_text": "Duschtuch: ca. 70 x 140 cm",
      "multi_buy_text": null,
      "lidl_plus": false,
      "action_type": "regular",
      "confidence": "high",
      "page": 29
    },
    {
      "offer_id": "O183",
      "product_name": "Livarno Teleskop-Badregal",
      "brand": "Livarno",
      "variant": null,
      "offer_price": 19.99,
      "price_before": null,
      "uvp": null,
      "unit_price_value": null,
      "unit_price_per": null,
      "discount_percent": null,
      "pack_size_text": "Je StÃ¼ck",
      "multi_buy_text": null,
      "lidl_plus": false,
      "action_type": "regular",
      "confidence": "high",
      "page": 11
    },
    {
      "offer_id": "O184",
      "product_name": "Livarno Bademantel",
      "brand": "Livarno",
      "variant": null,
      "offer_price": 8.99,
      "price_before": null,
      "uvp": null,
      "unit_price_value": null,
      "unit_price_per": null,
      "discount_percent": null,
      "pack_size_text": "Je StÃ¼ck",
      "multi_buy_text": null,
      "lidl_plus": false,
      "action_type": "regular",
      "confidence": "high",
      "page": 11
    },
    {
      "offer_id": "O185",
      "product_name": "Cien Beauty LED-Kosmetikspiegel",
      "brand": "Cien",
      "variant": null,
      "offer_price": 14.99,
      "price_before": null,
      "uvp": null,
      "unit_price_value": null,
      "unit_price_per": null,
      "discount_percent": null,
      "pack_size_text": null,
      "multi_buy_text": null,
      "lidl_plus": false,
      "action_type": "regular",
      "confidence": "high",
      "page": 11
    },
    {
      "offer_id": "O186",
      "product_name": "Remington Bartschneider",
      "brand": "Remington",
      "variant": null,
      "offer_price": 19.99,
      "price_before": null,
      "uvp": 51.99,
      "unit_price_value": null,
      "unit_price_per": null,
      "discount_percent": 61.0,
      "pack_size_text": "Je StÃ¼ck",
      "multi_buy_text": null,
      "lidl_plus": false,
      "action_type": "regular",
      "confidence": "high",
      "page": 11
    },
    {
      "offer_id": "O187",
      "product_name": "Sanitas ManikÃ¼re-/PedikÃ¼re-Set",
      "brand": "Sanitas",
      "variant": null,
      "offer_price": 17.99,
      "price_before": null,
      "uvp": 55.99,
      "unit_price_value": null,
      "unit_price_per": null,
      "discount_percent": 67.0,
      "pack_size_text": null,
      "multi_buy_text": null,
      "lidl_plus": false,
      "action_type": "regular",
      "confidence": "high",
      "page": 11
    },
    {
      "offer_id": "O188",
      "product_name": "Sansibar Frottierware",
      "brand": null,
      "variant": null,
      "offer_price": 9.99,
      "price_before": 14.99,
      "uvp": null,
      "unit_price_value": null,
      "unit_price_per": null,
      "discount_percent": 33.0,
      "pack_size_text": "2 StÃ¼ck",
      "multi_buy_text": null,
      "lidl_plus": false,
      "action_type": "regular",
      "confidence": "high",
      "page": 31
    },
    {
      "offer_id": "O189",
      "product_name": "Livarno Seitenschrank",
      "brand": null,
      "variant": null,
      "offer_price": 34.99,
      "price_before": 47.99,
      "uvp": null,
      "unit_price_value": null,
      "unit_price_per": null,
      "discount_percent": 27.0,
      "pack_size_text": "1 StÃ¼ck",
      "multi_buy_text": null,
      "lidl_plus": false,
      "action_type": "regular",
      "confidence": "high",
      "page": 31
    },
    {
      "offer_id": "O190",
      "product_name": "Remington Haartrockner",
      "brand": "Remington",
      "variant": "Typ AC5995 Pearl Pro Ionic",
      "offer_price": 19.99,
      "price_before": null,
      "uvp": 76.99,
      "unit_price_value": null,
      "unit_price_per": null,
      "discount_percent": 74.0,
      "pack_size_text": "1 StÃ¼ck",
      "multi_buy_text": null,
      "lidl_plus": false,
      "action_type": "regular",
      "confidence": "high",
      "page": 31
    },
    {
      "offer_id": "O191",
      "product_name": "Ionen-HaarglÃ¤tter",
      "brand": null,
      "variant": "Typ HRC 80 Rita Ora",
      "offer_price": 14.99,
      "price_before": 24.99,
      "uvp": null,
      "unit_price_value": null,
      "unit_price_per": null,
      "discount_percent": 40.0,
      "pack_size_text": "1 StÃ¼ck",
      "multi_buy_text": null,
      "lidl_plus": false,
      "action_type": "regular",
      "confidence": "high",
      "page": 31
    },
    {
      "offer_id": "O192",
      "product_name": "Oral-B Elektrische ZahnbÃ¼rste",
      "brand": "Oral-B",
      "variant": "Typ 10 Simply Clean Ocean Blue",
      "offer_price": 39.99,
      "price_before": null,
      "uvp": 69.99,
      "unit_price_value": null,
      "unit_price_per": null,
      "discount_percent": 42.0,
      "pack_size_text": "1 StÃ¼ck",
      "multi_buy_text": null,
      "lidl_plus": false,
      "action_type": "regular",
      "confidence": "high",
      "page": 31
    },
    {
      "offer_id": "O193",
      "product_name": "Sansibar Wohndecke",
      "brand": null,
      "variant": null,
      "offer_price": 19.99,
      "price_before": 23.99,
      "uvp": null,
      "unit_price_value": null,
      "unit_price_per": null,
      "discount_percent": 16.0,
      "pack_size_text": "1 StÃ¼ck",
      "multi_buy_text": null,
      "lidl_plus": false,
      "action_type": "regular",
      "confidence": "high",
      "page": 31
    },
    {
      "offer_id": "O194",
      "product_name": "Tronic Luftentfeuchter",
      "brand": "Tronic",
      "variant": "Typ 201 KAT TE 20.7",
      "offer_price": 119.0,
      "price_before": 149.0,
      "uvp": null,
      "unit_price_value": null,
      "unit_price_per": null,
      "discount_percent": 20.0,
      "pack_size_text": "1 StÃ¼ck",
      "multi_buy_text": null,
      "lidl_plus": false,
      "action_type": "regular",
      "confidence": "high",
      "page": 31
    },
    {
      "offer_id": "O195",
      "product_name": "10 â‚¬ Extra fÃ¼r alle Neukunden",
      "brand": "Lidl Connect",
      "variant": null,
      "offer_price": 10.0,
      "price_before": null,
      "uvp": null,
      "unit_price_value": null,
      "unit_price_per": null,
      "discount_percent": null,
      "pack_size_text": null,
      "multi_buy_text": null,
      "lidl_plus": false,
      "action_type": "regular",
      "confidence": "high",
      "page": 9
    },
    {
      "offer_id": "O196",
      "product_name": "10 GB gratis",
      "brand": "Lidl Connect",
      "variant": null,
      "offer_price": null,
      "price_before": null,
      "uvp": null,
      "unit_price_value": null,
      "unit_price_per": null,
      "discount_percent": null,
      "pack_size_text": null,
      "multi_buy_text": null,
      "lidl_plus": false,
      "action_type": "regular",
      "confidence": "medium",
      "page": 9
    },
    {
      "offer_id": "O197",
      "product_name": "10x Reisegewinne",
      "brand": "Lidl Connect",
      "variant": null,
      "offer_price": null,
      "price_before": null,
      "uvp": null,
      "unit_price_value": null,
      "unit_price_per": null,
      "discount_percent": null,
      "pack_size_text": null,
      "multi_buy_text": null,
      "lidl_plus": false,
      "action_type": "regular",
      "confidence": "medium",
      "page": 9
    },
    {
      "offer_id": "O198",
      "product_name": "1x Traumurlaub im Wert von bis zu 5.000 â‚¬",
      "brand": null,
      "variant": null,
      "offer_price": null,
      "price_before": null,
      "uvp": 5000.0,
      "unit_price_value": null,
      "unit_price_per": null,
      "discount_percent": null,
      "pack_size_text": null,
      "multi_buy_text": null,
      "lidl_plus": false,
      "action_type": "regular",
      "confidence": "medium",
      "page": 9
    },
    {
      "offer_id": "O199",
      "product_name": "1x Familienurlaub im Wert von bis zu 1.500 â‚¬",
      "brand": null,
      "variant": null,
      "offer_price": null,
      "price_before": null,
      "uvp": 1500.0,
      "unit_price_value": null,
      "unit_price_per": null,
      "discount_percent": null,
      "pack_size_text": null,
      "multi_buy_text": null,
      "lidl_plus": false,
      "action_type": "regular",
      "confidence": "medium",
      "page": 9
    },
    {
      "offer_id": "O200",
      "product_name": "4x Ticket & Hotel Gutscheine fÃ¼r Therme Erding",
      "brand": null,
      "variant": null,
      "offer_price": null,
      "price_before": null,
      "uvp": null,
      "unit_price_value": null,
      "unit_price_per": null,
      "discount_percent": null,
      "pack_size_text": null,
      "multi_buy_text": null,
      "lidl_plus": false,
      "action_type": "regular",
      "confidence": "low",
      "page": 9
    },
    {
      "offer_id": "O201",
      "product_name": "4x Ticket & Hotel Gutscheine fÃ¼r Tropical Islands",
      "brand": null,
      "variant": null,
      "offer_price": null,
      "price_before": null,
      "uvp": null,
      "unit_price_value": null,
      "unit_price_per": null,
      "discount_percent": null,
      "pack_size_text": null,
      "multi_buy_text": null,
      "lidl_plus": false,
      "action_type": "regular",
      "confidence": "low",
      "page": 9
    },
    {
      "offer_id": "O202",
      "product_name": "Kapuzensweatshirt",
      "brand": "Minecraft",
      "variant": null,
      "offer_price": 8.99,
      "price_before": 11.99,
      "uvp": null,
      "unit_price_value": null,
      "unit_price_per": null,
      "discount_percent": 25.0,
      "pack_size_text": "je StÃ¼ck",
      "multi_buy_text": null,
      "lidl_plus": false,
      "action_type": "regular",
      "confidence": "high",
      "page": 33
    },
    {
      "offer_id": "O203",
      "product_name": "Jogginghose",
      "brand": "Minecraft",
      "variant": null,
      "offer_price": 7.99,
      "price_before": 9.99,
      "uvp": null,
      "unit_price_value": null,
      "unit_price_per": null,
      "discount_percent": 20.0,
      "pack_size_text": "je StÃ¼ck",
      "multi_buy_text": null,
      "lidl_plus": false,
      "action_type": "regular",
      "confidence": "high",
      "page": 33
    },
    {
      "offer_id": "O204",
      "product_name": "T-Shirt",
      "brand": "Minecraft",
      "variant": null,
      "offer_price": 3.99,
      "price_before": 4.99,
      "uvp": null,
      "unit_price_value": null,
      "unit_price_per": null,
      "discount_percent": 20.0,
      "pack_size_text": "je StÃ¼ck",
      "multi_buy_text": null,
      "lidl_plus": false,
      "action_type": "regular",
      "confidence": "high",
      "page": 33
    },
    {
      "offer_id": "O205",
      "product_name": "Boxer",
      "brand": "Minecraft",
      "variant": null,
      "offer_price": 4.99,
      "price_before": 6.99,
      "uvp": null,
      "unit_price_value": null,
      "unit_price_per": null,
      "discount_percent": 28.0,
      "pack_size_text": "2 StÃ¼ck",
      "multi_buy_text": null,
      "lidl_plus": false,
      "action_type": "regular",
      "confidence": "high",
      "page": 33
    },
    {
      "offer_id": "O206",
      "product_name": "Schlafanzug",
      "brand": "Minecraft",
      "variant": null,
      "offer_price": 8.99,
      "price_before": null,
      "uvp": null,
      "unit_price_value": null,
      "unit_price_per": null,
      "discount_percent": 30.0,
      "pack_size_text": "je StÃ¼ck",
      "multi_buy_text": null,
      "lidl_plus": false,
      "action_type": "regular",
      "confidence": "high",
      "page": 33
    },
    {
      "offer_id": "O207",
      "product_name": "Minecraft Fackellampe",
      "brand": null,
      "variant": null,
      "offer_price": 14.99,
      "price_before": null,
      "uvp": 39.99,
      "unit_price_value": null,
      "unit_price_per": null,
      "discount_percent": 62.0,
      "pack_size_text": "je StÃ¼ck",
      "multi_buy_text": null,
      "lidl_plus": false,
      "action_type": "regular",
      "confidence": "high",
      "page": 33
    },
    {
      "offer_id": "O208",
      "product_name": "Hn8 Schlafsysteme Matratzen-Topper",
      "brand": "Hn8",
      "variant": "Modell â€Surf 100â€œ: Mit 7-Zonen Gelschaum-Kern, Cool-Effect Bezug",
      "offer_price": 99.99,
      "price_before": null,
      "uvp": null,
      "unit_price_value": null,
      "unit_price_per": null,
      "discount_percent": null,
      "pack_size_text": "1 StÃ¼ck",
      "multi_buy_text": null,
      "lidl_plus": false,
      "action_type": "regular",
      "confidence": "high",
      "page": 13
    },
    {
      "offer_id": "O209",
      "product_name": "Hn8 Schlafsysteme 7-Zonen Taschenfederkernmatratze",
      "brand": "Hn8",
      "variant": "Modell â€XXL Gelstar T-1000â€œ",
      "offer_price": 179.0,
      "price_before": null,
      "uvp": null,
      "unit_price_value": null,
      "unit_price_per": null,
      "discount_percent": null,
      "pack_size_text": "1 StÃ¼ck",
      "multi_buy_text": null,
      "lidl_plus": false,
      "action_type": "regular",
      "confidence": "high",
      "page": 13
    },
    {
      "offer_id": "O210",
      "product_name": "Irisette Matratze Smart HS",
      "brand": null,
      "variant": "Elastischer Sitzkomfort, Intensive Luftzirkulation",
      "offer_price": 136.0,
      "price_before": null,
      "uvp": null,
      "unit_price_value": null,
      "unit_price_per": null,
      "discount_percent": null,
      "pack_size_text": "3 StÃ¼ck",
      "multi_buy_text": null,
      "lidl_plus": false,
      "action_type": "regular",
      "confidence": "high",
      "page": 13
    },
    {
      "offer_id": "O211",
      "product_name": "Baldette Premium Feder-/Daunen-Kopfkissen/-Kassettenbettdecke",
      "brand": "Baldette",
      "variant": "Modell â€Eleganceâ€œ: Bezug: reine Baumwolle",
      "offer_price": 24.99,
      "price_before": null,
      "uvp": 59.0,
      "unit_price_value": null,
      "unit_price_per": null,
      "discount_percent": 57.0,
      "pack_size_text": "Kissen: 70 % Federn, 30 % Daunen",
      "multi_buy_text": null,
      "lidl_plus": false,
      "action_type": "regular",
      "confidence": "high",
      "page": 13
    },
    {
      "offer_id": "O212",
      "product_name": "Bettdecke (warm)",
      "brand": null,
      "variant": "ca. 135 x 200 cm",
      "offer_price": 89.99,
      "price_before": null,
      "uvp": null,
      "unit_price_value": null,
      "unit_price_per": null,
      "discount_percent": 69.0,
      "pack_size_text": "Decke: 90 % Daunen, 10 % Federn, 1 StÃ¼ck",
      "multi_buy_text": null,
      "lidl_plus": false,
      "action_type": "regular",
      "confidence": "high",
      "page": 13
    },
    {
      "offer_id": "O213",
      "product_name": "Singer NÃ¤hmaschine",
      "brand": "Singer",
      "variant": "Typ â€2282 Traditionâ€œ",
      "offer_price": 149.0,
      "price_before": null,
      "uvp": 349.0,
      "unit_price_value": null,
      "unit_price_per": null,
      "discount_percent": 57.0,
      "pack_size_text": null,
      "multi_buy_text": null,
      "lidl_plus": false,
      "action_type": "regular",
      "confidence": "high",
      "page": 35
    },
    {
      "offer_id": "O214",
      "product_name": "TopmoveÂ® NÃ¤hmaschinentasche",
      "brand": "Topmove",
      "variant": null,
      "offer_price": 12.99,
      "price_before": null,
      "uvp": null,
      "unit_price_value": null,
      "unit_price_per": null,
      "discount_percent": null,
      "pack_size_text": "Je StÃ¼ck",
      "multi_buy_text": null,
      "lidl_plus": false,
      "action_type": "regular",
      "confidence": "high",
      "page": 35
    },
    {
      "offer_id": "O215",
      "product_name": "CrelandoÂ® NÃ¤hartikel-Sortiment",
      "brand": "Crelando",
      "variant": null,
      "offer_price": 1.49,
      "price_before": null,
      "uvp": null,
      "unit_price_value": null,
      "unit_price_per": null,
      "discount_percent": null,
      "pack_size_text": "Je StÃ¼ck/Set",
      "multi_buy_text": null,
      "lidl_plus": false,
      "action_type": "regular",
      "confidence": "high",
      "page": 35
    },
    {
      "offer_id": "O216",
      "product_name": "CrelandoÂ® Schneidematte mit ZubehÃ¶r",
      "brand": "Crelando",
      "variant": "31-teilig",
      "offer_price": 14.99,
      "price_before": null,
      "uvp": null,
      "unit_price_value": null,
      "unit_price_per": null,
      "discount_percent": null,
      "pack_size_text": "Je Set",
      "multi_buy_text": null,
      "lidl_plus": false,
      "action_type": "regular",
      "confidence": "high",
      "page": 35
    },
    {
      "offer_id": "O217",
      "product_name": "CrelandoÂ® NÃ¤hzubehÃ¶r-Aufbewahrungsbox",
      "brand": "Crelando",
      "variant": null,
      "offer_price": 5.99,
      "price_before": 7.99,
      "uvp": null,
      "unit_price_value": null,
      "unit_price_per": null,
      "discount_percent": 25.0,
      "pack_size_text": "Je StÃ¼ck",
      "multi_buy_text": null,
      "lidl_plus": false,
      "action_type": "regular",
      "confidence": "high",
      "page": 35
    },
    {
      "offer_id": "O218",
      "product_name": "Kinder-KostÃ¼m",
      "brand": null,
      "variant": "100 % Polyester, GrÃ¶ÃŸen: 110/116â€“134/140, Je Set",
      "offer_price": 7.19,
      "price_before": null,
      "uvp": null,
      "unit_price_value": null,
      "unit_price_per": null,
      "discount_percent": null,
      "pack_size_text": null,
      "multi_buy_text": null,
      "lidl_plus": false,
      "action_type": "regular",
      "confidence": "high",
      "page": 15
    },
    {
      "offer_id": "O219",
      "product_name": "Party Factory Gesichts-Tattoo",
      "brand": "Party Factory",
      "variant": "Je Set",
      "offer_price": 3.99,
      "price_before": 5.99,
      "uvp": null,
      "unit_price_value": null,
      "unit_price_per": null,
      "discount_percent": 33.0,
      "pack_size_text": "2er-Set",
      "multi_buy_text": null,
      "lidl_plus": false,
      "action_type": "regular",
      "confidence": "high",
      "page": 15
    },
    {
      "offer_id": "O220",
      "product_name": "Kinder-Umhang",
      "brand": null,
      "variant": "Mit Klettverschluss, 100 % Polyester, GrÃ¶ÃŸen: 98/110, Je StÃ¼ck",
      "offer_price": 4.99,
      "price_before": null,
      "uvp": null,
      "unit_price_value": null,
      "unit_price_per": null,
      "discount_percent": null,
      "pack_size_text": null,
      "multi_buy_text": null,
      "lidl_plus": false,
      "action_type": "regular",
      "confidence": "high",
      "page": 15
    },
    {
      "offer_id": "O221",
      "product_name": "Livarno Home Folienballon/Partyartikel",
      "brand": "Livarno Home",
      "variant": "Folienballons mit Luft befÃ¼llbar, Je StÃ¼ck/Set",
      "offer_price": 0.67,
      "price_before": null,
      "uvp": null,
      "unit_price_value": null,
      "unit_price_per": null,
      "discount_percent": 33.0,
      "pack_size_text": "2 StÃ¼ck je ca. Ã˜ 5 cm (aufgeblasen)",
      "multi_buy_text": "Mit Lidl Plus ab 3 StÃ¼ck/Sets",
      "lidl_plus": true,
      "action_type": "lidl_plus",
      "confidence": "high",
      "page": 15
    },
    {
      "offer_id": "O222",
      "product_name": "Party Factory Ballongas",
      "brand": "Party Factory",
      "variant": "Helium-Einwegzylinder mit FÃ¼llventil, Helium-Flasche mit 6,8 l (0,2 mÂ³ Helium), Ausgelegt in Deutsch",
      "offer_price": 15.99,
      "price_before": 29.95,
      "uvp": null,
      "unit_price_value": null,
      "unit_price_per": null,
      "discount_percent": 46.0,
      "pack_size_text": "FÃ¼r bis zu 30 Ballons",
      "multi_buy_text": null,
      "lidl_plus": false,
      "action_type": "regular",
      "confidence": "high",
      "page": 15
    },
    {
      "offer_id": "O223",
      "product_name": "Esmara Nicki-Hausanzug",
      "brand": "Esmara",
      "variant": null,
      "offer_price": 9.99,
      "price_before": 14.99,
      "uvp": null,
      "unit_price_value": null,
      "unit_price_per": null,
      "discount_percent": 33.0,
      "pack_size_text": null,
      "multi_buy_text": null,
      "lidl_plus": false,
      "action_type": "regular",
      "confidence": "high",
      "page": 1
    },
    {
      "offer_id": "O224",
      "product_name": "Esmara Gerippter Strickpullover",
      "brand": "Esmara",
      "variant": null,
      "offer_price": 8.99,
      "price_before": null,
      "uvp": null,
      "unit_price_value": null,
      "unit_price_per": null,
      "discount_percent": null,
      "pack_size_text": null,
      "multi_buy_text": null,
      "lidl_plus": false,
      "action_type": "regular",
      "confidence": "high",
      "page": 1
    },
    {
      "offer_id": "O225",
      "product_name": "Esmara 2 Leggings",
      "brand": "Esmara",
      "variant": null,
      "offer_price": 6.99,
      "price_before": null,
      "uvp": null,
      "unit_price_value": null,
      "unit_price_per": null,
      "discount_percent": null,
      "pack_size_text": null,
      "multi_buy_text": null,
      "lidl_plus": false,
      "action_type": "regular",
      "confidence": "high",
      "page": 1
    },
    {
      "offer_id": "O226",
      "product_name": "Esmara Velours-Leggings",
      "brand": "Esmara",
      "variant": null,
      "offer_price": 5.99,
      "price_before": 7.99,
      "uvp": null,
      "unit_price_value": null,
      "unit_price_per": null,
      "discount_percent": 25.0,
      "pack_size_text": null,
      "multi_buy_text": null,
      "lidl_plus": false,
      "action_type": "regular",
      "confidence": "high",
      "page": 1
    },
    {
      "offer_id": "O227",
      "product_name": "Esmara Sweathose",
      "brand": "Esmara",
      "variant": null,
      "offer_price": 7.49,
      "price_before": null,
      "uvp": null,
      "unit_price_value": null,
      "unit_price_per": null,
      "discount_percent": null,
      "pack_size_text": null,
      "multi_buy_text": null,
      "lidl_plus": false,
      "action_type": "regular",
      "confidence": "high",
      "page": 1
    },
    {
      "offer_id": "O228",
      "product_name": "Mexx Slips",
      "brand": "Mexx",
      "variant": null,
      "offer_price": 9.99,
      "price_before": null,
      "uvp": 29.95,
      "unit_price_value": null,
      "unit_price_per": null,
      "discount_percent": 66.0,
      "pack_size_text": null,
      "multi_buy_text": null,
      "lidl_plus": false,
      "action_type": "regular",
      "confidence": "high",
      "page": 1
    },
    {
      "offer_id": "O229",
      "product_name": "Mexx 2 T-Shirts",
      "brand": "Mexx",
      "variant": null,
      "offer_price": 12.99,
      "price_before": null,
      "uvp": 39.95,
      "unit_price_value": null,
      "unit_price_per": null,
      "discount_percent": 67.0,
      "pack_size_text": "GrÃ¶ÃŸen: M-XL, 2 StÃ¼ck",
      "multi_buy_text": null,
      "lidl_plus": false,
      "action_type": "regular",
      "confidence": "high",
      "page": 38
    },
    {
      "offer_id": "O230",
      "product_name": "Mexx 2 Boxershorts",
      "brand": "Mexx",
      "variant": null,
      "offer_price": 7.99,
      "price_before": null,
      "uvp": 39.95,
      "unit_price_value": null,
      "unit_price_per": null,
      "discount_percent": 80.0,
      "pack_size_text": "GrÃ¶ÃŸen: M-XXL, 2 StÃ¼ck",
      "multi_buy_text": null,
      "lidl_plus": false,
      "action_type": "regular",
      "confidence": "high",
      "page": 38
    },
    {
      "offer_id": "O231",
      "product_name": "Mexx 3 Paar Socken",
      "brand": "Mexx",
      "variant": null,
      "offer_price": 4.99,
      "price_before": null,
      "uvp": 14.95,
      "unit_price_value": null,
      "unit_price_per": null,
      "discount_percent": 66.0,
      "pack_size_text": "GrÃ¶ÃŸen: 39/42-43/46, 3 Paar",
      "multi_buy_text": null,
      "lidl_plus": false,
      "action_type": "regular",
      "confidence": "high",
      "page": 38
    },
    {
      "offer_id": "O232",
      "product_name": "Esmara Men Troyer",
      "brand": "Esmara",
      "variant": null,
      "offer_price": 12.99,
      "price_before": 16.99,
      "uvp": null,
      "unit_price_value": null,
      "unit_price_per": null,
      "discount_percent": 23.0,
      "pack_size_text": "GrÃ¶ÃŸen: M (48/50)-XL (56/58), Je StÃ¼ck",
      "multi_buy_text": null,
      "lidl_plus": false,
      "action_type": "regular",
      "confidence": "high",
      "page": 38
    },
    {
      "offer_id": "O233",
      "product_name": "Esmara Men Sweatshose",
      "brand": "Esmara",
      "variant": null,
      "offer_price": 7.49,
      "price_before": null,
      "uvp": null,
      "unit_price_value": null,
      "unit_price_per": null,
      "discount_percent": null,
      "pack_size_text": "GrÃ¶ÃŸen: M (48/50)-XL (56/58), Je StÃ¼ck",
      "multi_buy_text": null,
      "lidl_plus": false,
      "action_type": "regular",
      "confidence": "high",
      "page": 38
    },
    {
      "offer_id": "O234",
      "product_name": "Esmara Men Cargo-Joggers",
      "brand": "Esmara",
      "variant": null,
      "offer_price": 12.99,
      "price_before": 16.99,
      "uvp": null,
      "unit_price_value": null,
      "unit_price_per": null,
      "discount_percent": 23.0,
      "pack_size_text": "GrÃ¶ÃŸen: M (48/50)-XL (56/58), Je StÃ¼ck",
      "multi_buy_text": null,
      "lidl_plus": false,
      "action_type": "regular",
      "confidence": "high",
      "page": 38
    },
    {
      "offer_id": "O235",
      "product_name": "LupiluÂ® Baby-Strickjacke/-Strickhose",
      "brand": "Lupilu",
      "variant": null,
      "offer_price": 5.99,
      "price_before": 7.99,
      "uvp": null,
      "unit_price_value": null,
      "unit_price_per": null,
      "discount_percent": 25.0,
      "pack_size_text": "2 StÃ¼ck",
      "multi_buy_text": null,
      "lidl_plus": false,
      "action_type": "regular",
      "confidence": "high",
      "page": 39
    },
    {
      "offer_id": "O236",
      "product_name": "LupiluÂ® Baby-Crinklekleid",
      "brand": "Lupilu",
      "variant": null,
      "offer_price": 4.99,
      "price_before": 6.99,
      "uvp": null,
      "unit_price_value": null,
      "unit_price_per": null,
      "discount_percent": 28.0,
      "pack_size_text": "2 StÃ¼ck",
      "multi_buy_text": null,
      "lidl_plus": false,
      "action_type": "regular",
      "confidence": "high",
      "page": 39
    },
    {
      "offer_id": "O237",
      "product_name": "LupiluÂ® Baby-Bodys",
      "brand": "Lupilu",
      "variant": null,
      "offer_price": 4.99,
      "price_before": 6.99,
      "uvp": null,
      "unit_price_value": null,
      "unit_price_per": null,
      "discount_percent": 28.0,
      "pack_size_text": "2 StÃ¼ck",
      "multi_buy_text": null,
      "lidl_plus": false,
      "action_type": "regular",
      "confidence": "high",
      "page": 39
    },
    {
      "offer_id": "O238",
      "product_name": "LupiluÂ® Baby-Leder-Krabbelschuhe",
      "brand": "Lupilu",
      "variant": null,
      "offer_price": 9.99,
      "price_before": 12.99,
      "uvp": null,
      "unit_price_value": null,
      "unit_price_per": null,
      "discount_percent": 23.0,
      "pack_size_text": "Je Paar",
      "multi_buy_text": null,
      "lidl_plus": false,
      "action_type": "regular",
      "confidence": "high",
      "page": 39
    },
    {
      "offer_id": "O239",
      "product_name": "LupiluÂ® Gerippte Baby-Socken",
      "brand": "Lupilu",
      "variant": null,
      "offer_price": 2.99,
      "price_before": 3.99,
      "uvp": null,
      "unit_price_value": null,
      "unit_price_per": null,
      "discount_percent": 25.0,
      "pack_size_text": "5 Paar",
      "multi_buy_text": null,
      "lidl_plus": false,
      "action_type": "regular",
      "confidence": "high",
      "page": 39
    },
    {
      "offer_id": "O240",
      "product_name": "LupiluÂ® Baby-Jogginghose",
      "brand": "Lupilu",
      "variant": null,
      "offer_price": 4.99,
      "price_before": 6.99,
      "uvp": null,
      "unit_price_value": null,
      "unit_price_per": null,
      "discount_percent": 28.0,
      "pack_size_text": "2 StÃ¼ck",
      "multi_buy_text": null,
      "lidl_plus": false,
      "action_type": "regular",
      "confidence": "high",
      "page": 39
    },
    {
      "offer_id": "O241",
      "product_name": "LupiluÂ® Mitwachsendes Geripptes Baby-Set",
      "brand": "Lupilu",
      "variant": null,
      "offer_price": 5.99,
      "price_before": 7.99,
      "uvp": null,
      "unit_price_value": null,
      "unit_price_per": null,
      "discount_percent": 25.0,
      "pack_size_text": "2-teilig",
      "multi_buy_text": null,
      "lidl_plus": false,
      "action_type": "regular",
      "confidence": "high",
      "page": 19
    },
    {
      "offer_id": "O242",
      "product_name": "LupiluÂ® Baby-Fleece-Overall",
      "brand": "Lupilu",
      "variant": null,
      "offer_price": 9.99,
      "price_before": 12.99,
      "uvp": null,
      "unit_price_value": null,
      "unit_price_per": null,
      "discount_percent": 23.0,
      "pack_size_text": null,
      "multi_buy_text": null,
      "lidl_plus": false,
      "action_type": "regular",
      "confidence": "high",
      "page": 19
    },
    {
      "offer_id": "O243",
      "product_name": "LupiluÂ® Baby-Schlafoveralls",
      "brand": "Lupilu",
      "variant": null,
      "offer_price": 7.99,
      "price_before": 9.99,
      "uvp": null,
      "unit_price_value": null,
      "unit_price_per": null,
      "discount_percent": 20.0,
      "pack_size_text": "2 StÃ¼ck",
      "multi_buy_text": null,
      "lidl_plus": false,
      "action_type": "regular",
      "confidence": "high",
      "page": 19
    },
    {
      "offer_id": "O244",
      "product_name": "LupiluÂ® Baby-Schlafsack",
      "brand": "Lupilu",
      "variant": null,
      "offer_price": 7.99,
      "price_before": 9.99,
      "uvp": null,
      "unit_price_value": null,
      "unit_price_per": null,
      "discount_percent": 20.0,
      "pack_size_text": null,
      "multi_buy_text": null,
      "lidl_plus": false,
      "action_type": "regular",
      "confidence": "high",
      "page": 19
    },
    {
      "offer_id": "O245",
      "product_name": "Esmara Umstands-pyjama",
      "brand": "Esmara",
      "variant": null,
      "offer_price": 12.99,
      "price_before": 16.99,
      "uvp": null,
      "unit_price_value": null,
      "unit_price_per": null,
      "discount_percent": 23.0,
      "pack_size_text": null,
      "multi_buy_text": null,
      "lidl_plus": false,
      "action_type": "regular",
      "confidence": "high",
      "page": 19
    },
    {
      "offer_id": "O246",
      "product_name": "LupiluÂ® Baby-Reisebett",
      "brand": "Lupilu",
      "variant": null,
      "offer_price": 24.99,
      "price_before": 29.99,
      "uvp": null,
      "unit_price_value": null,
      "unit_price_per": null,
      "discount_percent": 21.0,
      "pack_size_text": null,
      "multi_buy_text": null,
      "lidl_plus": true,
      "action_type": "lidl_plus",
      "confidence": "high",
      "page": 19
    },
    {
      "offer_id": "O247",
      "product_name": "LupiluÂ® Baby-Activity-Decke",
      "brand": "Lupilu",
      "variant": null,
      "offer_price": 24.99,
      "price_before": null,
      "uvp": null,
      "unit_price_value": null,
      "unit_price_per": null,
      "discount_percent": null,
      "pack_size_text": "Je StÃ¼ck",
      "multi_buy_text": null,
      "lidl_plus": false,
      "action_type": "regular",
      "confidence": "high",
      "page": 41
    },
    {
      "offer_id": "O248",
      "product_name": "LupiluÂ® Baby-Spielzeug",
      "brand": "Lupilu",
      "variant": null,
      "offer_price": 6.99,
      "price_before": 8.99,
      "uvp": null,
      "unit_price_value": null,
      "unit_price_per": null,
      "discount_percent": 22.0,
      "pack_size_text": "Je StÃ¼ck",
      "multi_buy_text": null,
      "lidl_plus": false,
      "action_type": "regular",
      "confidence": "high",
      "page": 41
    },
    {
      "offer_id": "O249",
      "product_name": "Twistshake Rutschfeste Click Mat mit Teller",
      "brand": "Twistshake",
      "variant": null,
      "offer_price": 9.99,
      "price_before": 34.99,
      "uvp": 34.99,
      "unit_price_value": null,
      "unit_price_per": null,
      "discount_percent": 71.0,
      "pack_size_text": "Je Set",
      "multi_buy_text": null,
      "lidl_plus": false,
      "action_type": "regular",
      "confidence": "high",
      "page": 41
    },
    {
      "offer_id": "O250",
      "product_name": "LupiluÂ® Baby-Motorikspielzeug",
      "brand": "Lupilu",
      "variant": null,
      "offer_price": 2.99,
      "price_before": null,
      "uvp": null,
      "unit_price_value": null,
      "unit_price_per": null,
      "discount_percent": null,
      "pack_size_text": "Je StÃ¼ck/Set",
      "multi_buy_text": null,
      "lidl_plus": false,
      "action_type": "regular",
      "confidence": "high",
      "page": 41
    },
    {
      "offer_id": "O251",
      "product_name": "LupiluÂ® Baby-Musikspielzeug",
      "brand": "Lupilu",
      "variant": null,
      "offer_price": 7.99,
      "price_before": 9.99,
      "uvp": null,
      "unit_price_value": null,
      "unit_price_per": null,
      "discount_percent": 20.0,
      "pack_size_text": "Je StÃ¼ck",
      "multi_buy_text": null,
      "lidl_plus": false,
      "action_type": "regular",
      "confidence": "high",
      "page": 41
    },
    {
      "offer_id": "O252",
      "product_name": "LupiluÂ® KinderwagenzubehÃ¶r",
      "brand": "Lupilu",
      "variant": null,
      "offer_price": 3.99,
      "price_before": null,
      "uvp": null,
      "unit_price_value": null,
      "unit_price_per": null,
      "discount_percent": null,
      "pack_size_text": "Je StÃ¼ck/2 StÃ¼ck",
      "multi_buy_text": null,
      "lidl_plus": false,
      "action_type": "regular",
      "confidence": "high",
      "page": 41
    },
    {
      "offer_id": "O253",
      "product_name": "Nuk Trinkbecher/-lernbecher",
      "brand": "Nuk",
      "variant": null,
      "offer_price": 14.99,
      "price_before": 17.99,
      "uvp": null,
      "unit_price_value": null,
      "unit_price_per": null,
      "discount_percent": 16.0,
      "pack_size_text": "Je Set",
      "multi_buy_text": null,
      "lidl_plus": false,
      "action_type": "regular",
      "confidence": "high",
      "page": 41
    },
    {
      "offer_id": "O254",
      "product_name": "Fisher-Price Baby-AktivitÃ¤ts-BeiÃŸring",
      "brand": "Fisher-Price",
      "variant": null,
      "offer_price": 4.99,
      "price_before": 6.99,
      "uvp": null,
      "unit_price_value": null,
      "unit_price_per": null,
      "discount_percent": 28.0,
      "pack_size_text": "Je StÃ¼ck",
      "multi_buy_text": null,
      "lidl_plus": false,
      "action_type": "regular",
      "confidence": "high",
      "page": 41
    },
    {
      "offer_id": "O255",
      "product_name": "LupiluÂ® Kinderwagen-Mitfahrbrett",
      "brand": "Lupilu",
      "variant": null,
      "offer_price": 24.99,
      "price_before": 32.99,
      "uvp": null,
      "unit_price_value": null,
      "unit_price_per": null,
      "discount_percent": 24.0,
      "pack_size_text": "Je StÃ¼ck",
      "multi_buy_text": null,
      "lidl_plus": false,
      "action_type": "regular",
      "confidence": "high",
      "page": 41
    },
    {
      "offer_id": "O256",
      "product_name": "Cybex Kinderautositz",
      "brand": "Cybex",
      "variant": "Modell â€Solution X-Fixâ€œ",
      "offer_price": 89.99,
      "price_before": null,
      "uvp": 229.95,
      "unit_price_value": null,
      "unit_price_per": null,
      "discount_percent": 60.0,
      "pack_size_text": "Je StÃ¼ck",
      "multi_buy_text": null,
      "lidl_plus": false,
      "action_type": "regular",
      "confidence": "high",
      "page": 21
    },
    {
      "offer_id": "O257",
      "product_name": "Fisher-Price Schlummer-Otter",
      "brand": "Fisher-Price",
      "variant": null,
      "offer_price": 24.99,
      "price_before": null,
      "uvp": 48.99,
      "unit_price_value": null,
      "unit_price_per": null,
      "discount_percent": 48.0,
      "pack_size_text": "Je StÃ¼ck",
      "multi_buy_text": null,
      "lidl_plus": false,
      "action_type": "regular",
      "confidence": "high",
      "page": 21
    },
    {
      "offer_id": "O258",
      "product_name": "Maxi Cosi Kinderwagen",
      "brand": "Maxi Cosi",
      "variant": "Modell â€Zelia3â€œ",
      "offer_price": 199.0,
      "price_before": null,
      "uvp": 359.99,
      "unit_price_value": null,
      "unit_price_per": null,
      "discount_percent": 44.0,
      "pack_size_text": "Je StÃ¼ck",
      "multi_buy_text": null,
      "lidl_plus": false,
      "action_type": "regular",
      "confidence": "high",
      "page": 21
    },
    {
      "offer_id": "O259",
      "product_name": "Roba Stubenbett",
      "brand": "Roba",
      "variant": null,
      "offer_price": 129.0,
      "price_before": null,
      "uvp": 309.9,
      "unit_price_value": null,
      "unit_price_per": null,
      "discount_percent": 58.0,
      "pack_size_text": "Je StÃ¼ck",
      "multi_buy_text": null,
      "lidl_plus": false,
      "action_type": "regular",
      "confidence": "high",
      "page": 21
    },
    {
      "offer_id": "O260",
      "product_name": "Safety 1st TÃ¼rschutzgitter",
      "brand": "Safety 1st",
      "variant": "Modell â€Quick Closeâ€œ",
      "offer_price": 24.99,
      "price_before": null,
      "uvp": 54.99,
      "unit_price_value": null,
      "unit_price_per": null,
      "discount_percent": 54.0,
      "pack_size_text": "Je StÃ¼ck",
      "multi_buy_text": null,
      "lidl_plus": false,
      "action_type": "regular",
      "confidence": "high",
      "page": 21
    },
    {
      "offer_id": "O261",
      "product_name": "Roba Treppenhochstuhl",
      "brand": "Roba",
      "variant": "Modell â€Born Upâ€œ",
      "offer_price": 104.0,
      "price_before": null,
      "uvp": 214.9,
      "unit_price_value": null,
      "unit_price_per": null,
      "discount_percent": 51.0,
      "pack_size_text": "Je StÃ¼ck",
      "multi_buy_text": null,
      "lidl_plus": false,
      "action_type": "regular",
      "confidence": "high",
      "page": 21
    },
    {
      "offer_id": "O262",
      "product_name": "Hammer Kraftstation Modell â€FERRUM TX2â€œ",
      "brand": "Hammer",
      "variant": null,
      "offer_price": 599.0,
      "price_before": null,
      "uvp": 999.0,
      "unit_price_value": null,
      "unit_price_per": null,
      "discount_percent": 40.0,
      "pack_size_text": null,
      "multi_buy_text": null,
      "lidl_plus": false,
      "action_type": "regular",
      "confidence": "high",
      "page": 43
    },
    {
      "offer_id": "O263",
      "product_name": "Hammer Trampolin Modell â€Cross Jumpâ€œ",
      "brand": "Hammer",
      "variant": null,
      "offer_price": 99.99,
      "price_before": null,
      "uvp": 199.95,
      "unit_price_value": null,
      "unit_price_per": null,
      "discount_percent": 49.0,
      "pack_size_text": null,
      "multi_buy_text": null,
      "lidl_plus": false,
      "action_type": "regular",
      "confidence": "high",
      "page": 43
    },
    {
      "offer_id": "O264",
      "product_name": "Christopeit Sport Heimtrainer Modell â€AL1â€œ",
      "brand": "Christopeit",
      "variant": null,
      "offer_price": 159.0,
      "price_before": null,
      "uvp": null,
      "unit_price_value": null,
      "unit_price_per": null,
      "discount_percent": null,
      "pack_size_text": null,
      "multi_buy_text": null,
      "lidl_plus": false,
      "action_type": "regular",
      "confidence": "high",
      "page": 43
    },
    {
      "offer_id": "O265",
      "product_name": "Christopeit Sport Sitz-Ergometer Modell â€RS 4000â€œ",
      "brand": "Christopeit",
      "variant": null,
      "offer_price": 299.0,
      "price_before": null,
      "uvp": null,
      "unit_price_value": null,
      "unit_price_per": null,
      "discount_percent": null,
      "pack_size_text": null,
      "multi_buy_text": null,
      "lidl_plus": false,
      "action_type": "regular",
      "confidence": "high",
      "page": 43
    },
    {
      "offer_id": "O266",
      "product_name": "Christopeit Sport Wasser-RudergerÃ¤t Modell â€WP 2000â€œ",
      "brand": "Christopeit",
      "variant": null,
      "offer_price": 279.0,
      "price_before": null,
      "uvp": null,
      "unit_price_value": null,
      "unit_price_per": null,
      "discount_percent": null,
      "pack_size_text": null,
      "multi_buy_text": null,
      "lidl_plus": false,
      "action_type": "regular",
      "confidence": "high",
      "page": 43
    },
    {
      "offer_id": "O267",
      "product_name": "Crivit Hantel, 4 kg",
      "brand": "Crivit",
      "variant": null,
      "offer_price": 6.99,
      "price_before": 12.99,
      "uvp": null,
      "unit_price_value": null,
      "unit_price_per": null,
      "discount_percent": 46.0,
      "pack_size_text": "Je StÃ¼ck",
      "multi_buy_text": null,
      "lidl_plus": false,
      "action_type": "regular",
      "confidence": "high",
      "page": 43
    },
    {
      "offer_id": "O268",
      "product_name": "Delonghi SiebtrÃ¤germaschine",
      "brand": "Delonghi",
      "variant": "Typ. EMM540.M",
      "offer_price": 99.99,
      "price_before": null,
      "uvp": 179.9,
      "unit_price_value": null,
      "unit_price_per": null,
      "discount_percent": 44.0,
      "pack_size_text": "Je StÃ¼ck",
      "multi_buy_text": null,
      "lidl_plus": false,
      "action_type": "regular",
      "confidence": "high",
      "page": 44
    },
    {
      "offer_id": "O269",
      "product_name": "Russell Hobbs HeiÃŸluftfritteuse",
      "brand": "Russell Hobbs",
      "variant": "Modell Satisfry Panoramic 27421-56",
      "offer_price": 48.99,
      "price_before": null,
      "uvp": 129.99,
      "unit_price_value": null,
      "unit_price_per": null,
      "discount_percent": 62.0,
      "pack_size_text": "Je StÃ¼ck",
      "multi_buy_text": null,
      "lidl_plus": false,
      "action_type": "regular",
      "confidence": "high",
      "page": 44
    },
    {
      "offer_id": "O270",
      "product_name": "Elo Topfset, 7-tlg.",
      "brand": "Elo",
      "variant": "Modell Galactica: Je Set",
      "offer_price": 44.99,
      "price_before": null,
      "uvp": 129.0,
      "unit_price_value": null,
      "unit_price_per": null,
      "discount_percent": 65.0,
      "pack_size_text": "Je Set",
      "multi_buy_text": null,
      "lidl_plus": false,
      "action_type": "regular",
      "confidence": "high",
      "page": 44
    },
    {
      "offer_id": "O271",
      "product_name": "Leonardo ThermoglÃ¤ser",
      "brand": "Leonardo",
      "variant": "Modell Tavolino",
      "offer_price": 7.99,
      "price_before": null,
      "uvp": 14.99,
      "unit_price_value": null,
      "unit_price_per": null,
      "discount_percent": 46.0,
      "pack_size_text": "Je Set",
      "multi_buy_text": null,
      "lidl_plus": false,
      "action_type": "regular",
      "confidence": "high",
      "page": 44
    },
    {
      "offer_id": "O272",
      "product_name": "Silvercrest Kaffeemaschine",
      "brand": "Silvercrest",
      "variant": "Typ. SKMK 1000 A1",
      "offer_price": 19.99,
      "price_before": null,
      "uvp": null,
      "unit_price_value": null,
      "unit_price_per": null,
      "discount_percent": null,
      "pack_size_text": "Je StÃ¼ck",
      "multi_buy_text": null,
      "lidl_plus": false,
      "action_type": "regular",
      "confidence": "high",
      "page": 44
    },
    {
      "offer_id": "O273",
      "product_name": "Melitta Kaffeevollautomat",
      "brand": "Melitta",
      "variant": "Typ: CI Touch",
      "offer_price": 569.0,
      "price_before": null,
      "uvp": null,
      "unit_price_value": null,
      "unit_price_per": null,
      "discount_percent": null,
      "pack_size_text": "1 StÃ¼ck",
      "multi_buy_text": null,
      "lidl_plus": false,
      "action_type": "regular",
      "confidence": "high",
      "page": 45
    },
    {
      "offer_id": "O274",
      "product_name": "Krups Kaffeemaschine",
      "brand": "Krups",
      "variant": "Typ: NescafÃ© Dolce Gusto Piccolo X PAS",
      "offer_price": 37.99,
      "price_before": null,
      "uvp": null,
      "unit_price_value": null,
      "unit_price_per": null,
      "discount_percent": null,
      "pack_size_text": "1 StÃ¼ck",
      "multi_buy_text": null,
      "lidl_plus": false,
      "action_type": "regular",
      "confidence": "high",
      "page": 45
    },
    {
      "offer_id": "O275",
      "product_name": "Emsa Isolierbecher",
      "brand": "Emsa",
      "variant": "Modell â€Travel Mug Essentialâ€œ",
      "offer_price": 12.99,
      "price_before": null,
      "uvp": 39.99,
      "unit_price_value": 0.5,
      "unit_price_per": "l",
      "discount_percent": 67.0,
      "pack_size_text": "1 StÃ¼ck",
      "multi_buy_text": null,
      "lidl_plus": false,
      "action_type": "regular",
      "confidence": "high",
      "page": 45
    },
    {
      "offer_id": "O276",
      "product_name": "Silit Besteck-Set",
      "brand": "Silit",
      "variant": "Modell â€Trendâ€œ",
      "offer_price": 41.99,
      "price_before": null,
      "uvp": 89.99,
      "unit_price_value": null,
      "unit_price_per": null,
      "discount_percent": 53.0,
      "pack_size_text": "30-teilig",
      "multi_buy_text": null,
      "lidl_plus": false,
      "action_type": "regular",
      "confidence": "high",
      "page": 45
    },
    {
      "offer_id": "O277",
      "product_name": "Philips HeiÃŸluftfritteuse",
      "brand": "Philips",
      "variant": "Typ: Flexibasket HD9650/90",
      "offer_price": 99.99,
      "price_before": null,
      "uvp": 199.99,
      "unit_price_value": 7.1,
      "unit_price_per": "l",
      "discount_percent": 50.0,
      "pack_size_text": "1 StÃ¼ck",
      "multi_buy_text": null,
      "lidl_plus": false,
      "action_type": "regular",
      "confidence": "high",
      "page": 45
    },
    {
      "offer_id": "O278",
      "product_name": "Tefal Optigrill XL",
      "brand": "Tefal",
      "variant": "Typ: GC722834",
      "offer_price": 139.0,
      "price_before": null,
      "uvp": 259.99,
      "unit_price_value": null,
      "unit_price_per": null,
      "discount_percent": 46.0,
      "pack_size_text": "1 StÃ¼ck",
      "multi_buy_text": null,
      "lidl_plus": false,
      "action_type": "regular",
      "confidence": "high",
      "page": 45
    },
    {
      "offer_id": "O279",
      "product_name": "Singer Computer-NÃ¤hmaschine",
      "brand": "Singer",
      "variant": "Typ. Serenade 6600",
      "offer_price": 169.0,
      "price_before": null,
      "uvp": 369.0,
      "unit_price_value": null,
      "unit_price_per": null,
      "discount_percent": 54.0,
      "pack_size_text": "Je StÃ¼ck",
      "multi_buy_text": null,
      "lidl_plus": false,
      "action_type": "regular",
      "confidence": "high",
      "page": 23
    },
    {
      "offer_id": "O280",
      "product_name": "Singer Overlock-NÃ¤hmaschine",
      "brand": "Singer",
      "variant": "Typ. 5010C",
      "offer_price": 169.0,
      "price_before": null,
      "uvp": 449.0,
      "unit_price_value": null,
      "unit_price_per": null,
      "discount_percent": 62.0,
      "pack_size_text": "Je StÃ¼ck",
      "multi_buy_text": null,
      "lidl_plus": false,
      "action_type": "regular",
      "confidence": "high",
      "page": 23
    },
    {
      "offer_id": "O281",
      "product_name": "Rowenta DampfbÃ¼gelstation",
      "brand": "Rowenta",
      "variant": "Typ. Compact Steam Pro DG7623",
      "offer_price": 149.0,
      "price_before": null,
      "uvp": 259.99,
      "unit_price_value": null,
      "unit_price_per": null,
      "discount_percent": 42.0,
      "pack_size_text": "Je StÃ¼ck",
      "multi_buy_text": null,
      "lidl_plus": false,
      "action_type": "regular",
      "confidence": "high",
      "page": 23
    },
    {
      "offer_id": "O282",
      "product_name": "Vileda Dampfreiniger",
      "brand": "Vileda",
      "variant": "Typ. Steam XXL",
      "offer_price": 69.99,
      "price_before": null,
      "uvp": 144.99,
      "unit_price_value": null,
      "unit_price_per": null,
      "discount_percent": 51.0,
      "pack_size_text": "Je StÃ¼ck",
      "multi_buy_text": null,
      "lidl_plus": false,
      "action_type": "regular",
      "confidence": "high",
      "page": 23
    },
    {
      "offer_id": "O283",
      "product_name": "Aeg Akku-Staubsauger",
      "brand": "Aeg",
      "variant": "Typ. AP81CB21DB",
      "offer_price": 119.0,
      "price_before": null,
      "uvp": 249.95,
      "unit_price_value": null,
      "unit_price_per": null,
      "discount_percent": 52.0,
      "pack_size_text": "Je StÃ¼ck",
      "multi_buy_text": null,
      "lidl_plus": false,
      "action_type": "regular",
      "confidence": "high",
      "page": 23
    },
    {
      "offer_id": "O284",
      "product_name": "Eufy Saug- und Wischroboter mit Absaugstation",
      "brand": "Eufy",
      "variant": null,
      "offer_price": 229.0,
      "price_before": null,
      "uvp": 399.0,
      "unit_price_value": null,
      "unit_price_per": null,
      "discount_percent": 42.0,
      "pack_size_text": "Je StÃ¼ck",
      "multi_buy_text": null,
      "lidl_plus": false,
      "action_type": "regular",
      "confidence": "high",
      "page": 23
    },
    {
      "offer_id": "O285",
      "product_name": "Silvercrest Saugroboter mit Absaugstation",
      "brand": "Silvercrest",
      "variant": "Typ. SSR A1",
      "offer_price": 99.99,
      "price_before": null,
      "uvp": 199.0,
      "unit_price_value": null,
      "unit_price_per": null,
      "discount_percent": 49.0,
      "pack_size_text": "Je StÃ¼ck",
      "multi_buy_text": null,
      "lidl_plus": false,
      "action_type": "regular",
      "confidence": "high",
      "page": 23
    },
    {
      "offer_id": "O286",
      "product_name": "SilvercrestÂ® Frischhaltedosen-Set",
      "brand": "Silvercrest",
      "variant": null,
      "offer_price": 4.99,
      "price_before": null,
      "uvp": null,
      "unit_price_value": null,
      "unit_price_per": null,
      "discount_percent": null,
      "pack_size_text": "5-teilig",
      "multi_buy_text": null,
      "lidl_plus": false,
      "action_type": "regular",
      "confidence": "high",
      "page": 4
    },
    {
      "offer_id": "O287",
      "product_name": "SilvercrestÂ® Isolierflaschen",
      "brand": "Silvercrest",
      "variant": null,
      "offer_price": 3.99,
      "price_before": null,
      "uvp": null,
      "unit_price_value": null,
      "unit_price_per": null,
      "discount_percent": null,
      "pack_size_text": "ca. 500 ml",
      "multi_buy_text": null,
      "lidl_plus": false,
      "action_type": "regular",
      "confidence": "high",
      "page": 4
    },
    {
      "offer_id": "O288",
      "product_name": "SilvercrestÂ® SchÃ¼ssel-Set",
      "brand": "Silvercrest",
      "variant": null,
      "offer_price": 5.99,
      "price_before": null,
      "uvp": null,
      "unit_price_value": null,
      "unit_price_per": null,
      "discount_percent": null,
      "pack_size_text": "ca. 3,4 l",
      "multi_buy_text": null,
      "lidl_plus": false,
      "action_type": "regular",
      "confidence": "high",
      "page": 4
    },
    {
      "offer_id": "O289",
      "product_name": "SilvercrestÂ® Haushaltshelfer",
      "brand": "Silvercrest",
      "variant": null,
      "offer_price": 1.33,
      "price_before": null,
      "uvp": null,
      "unit_price_value": null,
      "unit_price_per": null,
      "discount_percent": 33.0,
      "pack_size_text": null,
      "multi_buy_text": "ab 3 StÃ¼ck/Set",
      "lidl_plus": true,
      "action_type": "lidl_plus",
      "confidence": "high",
      "page": 4
    },
    {
      "offer_id": "O290",
      "product_name": "SilvercrestÂ® Pump-Thermokanne",
      "brand": "Silvercrest",
      "variant": null,
      "offer_price": 14.99,
      "price_before": null,
      "uvp": null,
      "unit_price_value": null,
      "unit_price_per": null,
      "discount_percent": null,
      "pack_size_text": "ca. 2,2 l",
      "multi_buy_text": null,
      "lidl_plus": false,
      "action_type": "regular",
      "confidence": "high",
      "page": 4
    },
    {
      "offer_id": "O291",
      "product_name": "SilvercrestÂ® Schneidebrett",
      "brand": "Silvercrest",
      "variant": null,
      "offer_price": 3.59,
      "price_before": null,
      "uvp": null,
      "unit_price_value": null,
      "unit_price_per": null,
      "discount_percent": null,
      "pack_size_text": "2 StÃ¼ck; ca. 30 x 21 cm",
      "multi_buy_text": null,
      "lidl_plus": false,
      "action_type": "regular",
      "confidence": "high",
      "page": 4
    },
    {
      "offer_id": "O292",
      "product_name": "SilvercrestÂ® Alu-Minipfanne",
      "brand": "Silvercrest",
      "variant": null,
      "offer_price": 3.59,
      "price_before": null,
      "uvp": null,
      "unit_price_value": null,
      "unit_price_per": null,
      "discount_percent": null,
      "pack_size_text": "ca. Ã˜ 14 cm",
      "multi_buy_text": null,
      "lidl_plus": false,
      "action_type": "regular",
      "confidence": "high",
      "page": 4
    },
    {
      "offer_id": "O293",
      "product_name": "Silvercrest Kitchen Tools Digitale HeiÃŸluft-Fritteuse XL",
      "brand": "Silvercrest",
      "variant": null,
      "offer_price": 44.99,
      "price_before": 49.99,
      "uvp": null,
      "unit_price_value": null,
      "unit_price_per": null,
      "discount_percent": 10.0,
      "pack_size_text": "ca. 5,2 l",
      "multi_buy_text": null,
      "lidl_plus": false,
      "action_type": "regular",
      "confidence": "high",
      "page": 25
    },
    {
      "offer_id": "O294",
      "product_name": "Silvercrest Pancake-Pfanne",
      "brand": "Silvercrest",
      "variant": null,
      "offer_price": 12.99,
      "price_before": null,
      "uvp": null,
      "unit_price_value": null,
      "unit_price_per": null,
      "discount_percent": null,
      "pack_size_text": "ca. Ã˜ 26 cm",
      "multi_buy_text": null,
      "lidl_plus": false,
      "action_type": "regular",
      "confidence": "high",
      "page": 25
    },
    {
      "offer_id": "O295",
      "product_name": "Silvercrest Elektrischer Pizzaofen",
      "brand": "Silvercrest",
      "variant": null,
      "offer_price": 59.99,
      "price_before": null,
      "uvp": null,
      "unit_price_value": null,
      "unit_price_per": null,
      "discount_percent": null,
      "pack_size_text": "max. 1.200 W",
      "multi_buy_text": null,
      "lidl_plus": false,
      "action_type": "regular",
      "confidence": "high",
      "page": 25
    },
    {
      "offer_id": "O296",
      "product_name": "Silvercrest Kitchen Tools Mikrowelle",
      "brand": "Silvercrest",
      "variant": null,
      "offer_price": 39.99,
      "price_before": 49.99,
      "uvp": null,
      "unit_price_value": null,
      "unit_price_per": null,
      "discount_percent": 20.0,
      "pack_size_text": "ca. 17 l",
      "multi_buy_text": null,
      "lidl_plus": false,
      "action_type": "regular",
      "confidence": "high",
      "page": 25
    },
    {
      "offer_id": "O297",
      "product_name": "Silvercrest Aluguss-Pfanne",
      "brand": "Silvercrest",
      "variant": null,
      "offer_price": 13.49,
      "price_before": null,
      "uvp": null,
      "unit_price_value": null,
      "unit_price_per": null,
      "discount_percent": null,
      "pack_size_text": "ca. Ã˜ 28 cm",
      "multi_buy_text": null,
      "lidl_plus": false,
      "action_type": "regular",
      "confidence": "high",
      "page": 25
    },
    {
      "offer_id": "O298",
      "product_name": "Tefal OptiGrill",
      "brand": "Tefal",
      "variant": null,
      "offer_price": 79.99,
      "price_before": null,
      "uvp": 169.99,
      "unit_price_value": null,
      "unit_price_per": null,
      "discount_percent": 52.0,
      "pack_size_text": "2.000 W",
      "multi_buy_text": null,
      "lidl_plus": false,
      "action_type": "regular",
      "confidence": "high",
      "page": 25
    },
    {
      "offer_id": "O299",
      "product_name": "Silvercrest Kitchen Tools Sandwichmaker",
      "brand": "Silvercrest",
      "variant": null,
      "offer_price": 9.99,
      "price_before": null,
      "uvp": null,
      "unit_price_value": null,
      "unit_price_per": null,
      "discount_percent": null,
      "pack_size_text": "750 W",
      "multi_buy_text": null,
      "lidl_plus": false,
      "action_type": "regular",
      "confidence": "high",
      "page": 25
    },
    {
      "offer_id": "O300",
      "product_name": "Philips Wasserkocher",
      "brand": "Philips",
      "variant": "Typ HD9318/10",
      "offer_price": 19.99,
      "price_before": null,
      "uvp": 39.99,
      "unit_price_value": null,
      "unit_price_per": null,
      "discount_percent": 50.0,
      "pack_size_text": null,
      "multi_buy_text": null,
      "lidl_plus": false,
      "action_type": "regular",
      "confidence": "high",
      "page": 49
    },
    {
      "offer_id": "O301",
      "product_name": "Philips Toaster",
      "brand": "Philips",
      "variant": "Typ HD2581/10",
      "offer_price": 19.99,
      "price_before": null,
      "uvp": 39.99,
      "unit_price_value": null,
      "unit_price_per": null,
      "discount_percent": 50.0,
      "pack_size_text": null,
      "multi_buy_text": null,
      "lidl_plus": false,
      "action_type": "regular",
      "confidence": "high",
      "page": 49
    },
    {
      "offer_id": "O302",
      "product_name": "Philips Kaffeepadmaschine",
      "brand": "Philips",
      "variant": "Modell SENSEO HD6552/39",
      "offer_price": 49.99,
      "price_before": null,
      "uvp": null,
      "unit_price_value": null,
      "unit_price_per": null,
      "discount_percent": null,
      "pack_size_text": null,
      "multi_buy_text": "32 Senseo Pads Gratis + 2 Senseo GlÃ¤ser im Karton",
      "lidl_plus": false,
      "action_type": "regular",
      "confidence": "high",
      "page": 49
    },
    {
      "offer_id": "O303",
      "product_name": "Philips Handmixer",
      "brand": "Philips",
      "variant": "Typ HR3740/00",
      "offer_price": 24.99,
      "price_before": null,
      "uvp": 39.99,
      "unit_price_value": null,
      "unit_price_per": null,
      "discount_percent": 37.0,
      "pack_size_text": null,
      "multi_buy_text": null,
      "lidl_plus": false,
      "action_type": "regular",
      "confidence": "high",
      "page": 49
    },
    {
      "offer_id": "O304",
      "product_name": "Philips Stabmixer",
      "brand": "Philips",
      "variant": "Typ HR2522/00",
      "offer_price": 24.99,
      "price_before": null,
      "uvp": 29.99,
      "unit_price_value": null,
      "unit_price_per": null,
      "discount_percent": 16.0,
      "pack_size_text": null,
      "multi_buy_text": null,
      "lidl_plus": false,
      "action_type": "regular",
      "confidence": "high",
      "page": 49
    },
    {
      "offer_id": "O305",
      "product_name": "Philips Batterien",
      "brand": "Philips",
      "variant": null,
      "offer_price": 4.99,
      "price_before": 12.99,
      "uvp": null,
      "unit_price_value": null,
      "unit_price_per": null,
      "discount_percent": 61.0,
      "pack_size_text": "Je 20 StÃ¼ck",
      "multi_buy_text": null,
      "lidl_plus": false,
      "action_type": "regular",
      "confidence": "high",
      "page": 49
    },
    {
      "offer_id": "O306",
      "product_name": "Philips Staubsauger, beutellos",
      "brand": "Philips",
      "variant": "Typ XB2122/09",
      "offer_price": 69.99,
      "price_before": null,
      "uvp": 99.99,
      "unit_price_value": null,
      "unit_price_per": null,
      "discount_percent": 30.0,
      "pack_size_text": null,
      "multi_buy_text": null,
      "lidl_plus": false,
      "action_type": "regular",
      "confidence": "high",
      "page": 49
    },
    {
      "offer_id": "O307",
      "product_name": "NFL Trikot",
      "brand": null,
      "variant": "100 % Polyester, GrÃ¶ÃŸen: S-XL, Je StÃ¼ck",
      "offer_price": 14.99,
      "price_before": null,
      "uvp": null,
      "unit_price_value": null,
      "unit_price_per": null,
      "discount_percent": null,
      "pack_size_text": null,
      "multi_buy_text": null,
      "lidl_plus": false,
      "action_type": "regular",
      "confidence": "high",
      "page": 27
    },
    {
      "offer_id": "O308",
      "product_name": "NFL Sweathoodie",
      "brand": null,
      "variant": "Baumwolle und Polyester, GrÃ¶ÃŸen: M-XL, Je StÃ¼ck",
      "offer_price": 9.99,
      "price_before": null,
      "uvp": null,
      "unit_price_value": null,
      "unit_price_per": null,
      "discount_percent": null,
      "pack_size_text": null,
      "multi_buy_text": null,
      "lidl_plus": false,
      "action_type": "regular",
      "confidence": "high",
      "page": 27
    },
    {
      "offer_id": "O309",
      "product_name": "NFL Shorts",
      "brand": null,
      "variant": "100 % Polyester, GrÃ¶ÃŸen: S-XL, Je StÃ¼ck",
      "offer_price": 9.99,
      "price_before": null,
      "uvp": null,
      "unit_price_value": null,
      "unit_price_per": null,
      "discount_percent": null,
      "pack_size_text": null,
      "multi_buy_text": null,
      "lidl_plus": false,
      "action_type": "regular",
      "confidence": "high",
      "page": 27
    },
    {
      "offer_id": "O310",
      "product_name": "NFL Snack-Helm",
      "brand": null,
      "variant": "FÃ¼r Chips, Kekse oder als EisbehÃ¤lter, Mit abnehmbarer Schale fÃ¼r z.B. Dips, KunststoffbehÃ¤lter spÃ¼l",
      "offer_price": 15.99,
      "price_before": 19.99,
      "uvp": null,
      "unit_price_value": null,
      "unit_price_per": null,
      "discount_percent": 20.0,
      "pack_size_text": null,
      "multi_buy_text": null,
      "lidl_plus": false,
      "action_type": "regular",
      "confidence": "high",
      "page": 27
    },
    {
      "offer_id": "O311",
      "product_name": "Philips Soundbar 2.0",
      "brand": "Philips",
      "variant": "Typ_TABD509/10, Mit 4 EQ-Klangmodi und GesprÃ¤chsoptimierung, Bluetooth 5.1 mit LE-Audio-UnterstÃ¼tzun",
      "offer_price": 59.99,
      "price_before": null,
      "uvp": 149.0,
      "unit_price_value": null,
      "unit_price_per": null,
      "discount_percent": 59.0,
      "pack_size_text": null,
      "multi_buy_text": null,
      "lidl_plus": false,
      "action_type": "regular",
      "confidence": "high",
      "page": 27
    },
    {
      "offer_id": "O312",
      "product_name": "McEnnedy Football Box",
      "brand": "McEnnedy",
      "variant": "Tiefgefroren",
      "offer_price": 4.99,
      "price_before": null,
      "uvp": null,
      "unit_price_value": 5.87,
      "unit_price_per": "kg",
      "discount_percent": null,
      "pack_size_text": "850 g",
      "multi_buy_text": null,
      "lidl_plus": false,
      "action_type": "regular",
      "confidence": "high",
      "page": 51
    },
    {
      "offer_id": "O313",
      "product_name": "McEnnedy Chicken Wings",
      "brand": "McEnnedy",
      "variant": "Mariniert in versch. Sorten. Tiefgefroren",
      "offer_price": 4.49,
      "price_before": null,
      "uvp": null,
      "unit_price_value": 5.99,
      "unit_price_per": "kg",
      "discount_percent": null,
      "pack_size_text": "750 g",
      "multi_buy_text": null,
      "lidl_plus": false,
      "action_type": "regular",
      "confidence": "high",
      "page": 51
    },
    {
      "offer_id": "O314",
      "product_name": "McEnnedy American Style Chicken Nuggets",
      "brand": "McEnnedy",
      "variant": "Mit Curry Dip. Tiefgefroren",
      "offer_price": 4.49,
      "price_before": null,
      "uvp": null,
      "unit_price_value": 8.98,
      "unit_price_per": "kg",
      "discount_percent": null,
      "pack_size_text": "500 g",
      "multi_buy_text": null,
      "lidl_plus": false,
      "action_type": "regular",
      "confidence": "high",
      "page": 51
    },
    {
      "offer_id": "O315",
      "product_name": "McEnnedy Chicken Wings/Bites/Crispies",
      "brand": "McEnnedy",
      "variant": "GekÃ¼hlt",
      "offer_price": 2.69,
      "price_before": null,
      "uvp": null,
      "unit_price_value": 8.97,
      "unit_price_per": "kg",
      "discount_percent": null,
      "pack_size_text": "300/250 g",
      "multi_buy_text": null,
      "lidl_plus": false,
      "action_type": "regular",
      "confidence": "high",
      "page": 51
    },
    {
      "offer_id": "O316",
      "product_name": "McEnnedy Chicken Bites",
      "brand": "McEnnedy",
      "variant": "Versch. Sorten. Inklusive Sauce. GekÃ¼hlt",
      "offer_price": 7.99,
      "price_before": null,
      "uvp": null,
      "unit_price_value": 10.65,
      "unit_price_per": "kg",
      "discount_percent": null,
      "pack_size_text": "750 g",
      "multi_buy_text": null,
      "lidl_plus": false,
      "action_type": "regular",
      "confidence": "high",
      "page": 51
    },
    {
      "offer_id": "O317",
      "product_name": "McEnnedy Lasagne",
      "brand": "McEnnedy",
      "variant": null,
      "offer_price": null,
      "price_before": null,
      "uvp": null,
      "unit_price_value": 4.49,
      "unit_price_per": "kg",
      "discount_percent": null,
      "pack_size_text": "Je 1 kg",
      "multi_buy_text": null,
      "lidl_plus": false,
      "action_type": "regular",
      "confidence": "high",
      "page": 29
    },
    {
      "offer_id": "O318",
      "product_name": "McEnnedy Hot Dog WÃ¼rstchen",
      "brand": "McEnnedy",
      "variant": null,
      "offer_price": 2.49,
      "price_before": null,
      "uvp": null,
      "unit_price_value": 8.3,
      "unit_price_per": "kg",
      "discount_percent": null,
      "pack_size_text": "Je 550 g Abtropfgewicht 390 g",
      "multi_buy_text": null,
      "lidl_plus": false,
      "action_type": "regular",
      "confidence": "high",
      "page": 29
    },
    {
      "offer_id": "O319",
      "product_name": "Coca-Cola",
      "brand": null,
      "variant": null,
      "offer_price": 8.49,
      "price_before": null,
      "uvp": null,
      "unit_price_value": 4.5,
      "unit_price_per": "l",
      "discount_percent": 52.0,
      "pack_size_text": "Je 6x1,25 l",
      "multi_buy_text": null,
      "lidl_plus": false,
      "action_type": "regular",
      "confidence": "high",
      "page": 29
    },
    {
      "offer_id": "O320",
      "product_name": "McEnnedy BBQ Salat",
      "brand": "McEnnedy",
      "variant": null,
      "offer_price": 1.69,
      "price_before": null,
      "uvp": null,
      "unit_price_value": 4.83,
      "unit_price_per": "kg",
      "discount_percent": null,
      "pack_size_text": "Je 350/300 g",
      "multi_buy_text": null,
      "lidl_plus": false,
      "action_type": "regular",
      "confidence": "high",
      "page": 29
    },
    {
      "offer_id": "O321",
      "product_name": "McEnnedy Sauce",
      "brand": "McEnnedy",
      "variant": null,
      "offer_price": 1.79,
      "price_before": null,
      "uvp": null,
      "unit_price_value": 5.14,
      "unit_price_per": "kg",
      "discount_percent": null,
      "pack_size_text": "Je 348/324/315 g",
      "multi_buy_text": null,
      "lidl_plus": false,
      "action_type": "regular",
      "confidence": "high",
      "page": 29
    },
    {
      "offer_id": "O322",
      "product_name": "Calypso Ocean Blue Lemonade",
      "brand": "Calypso",
      "variant": null,
      "offer_price": 1.99,
      "price_before": 2.79,
      "uvp": null,
      "unit_price_value": 4.21,
      "unit_price_per": "l",
      "discount_percent": 28.0,
      "pack_size_text": "Je 0,473 l",
      "multi_buy_text": null,
      "lidl_plus": false,
      "action_type": "regular",
      "confidence": "high",
      "page": 29
    },
    {
      "offer_id": "O323",
      "product_name": "McEnnedy Double Burger",
      "brand": "McEnnedy",
      "variant": null,
      "offer_price": 2.99,
      "price_before": null,
      "uvp": null,
      "unit_price_value": 9.97,
      "unit_price_per": "kg",
      "discount_percent": null,
      "pack_size_text": "Je 300 g",
      "multi_buy_text": null,
      "lidl_plus": false,
      "action_type": "regular",
      "confidence": "high",
      "page": 29
    },
    {
      "offer_id": "O324",
      "product_name": "McEnnedy Curleys XXL",
      "brand": "McEnnedy",
      "variant": null,
      "offer_price": 2.49,
      "price_before": 2.99,
      "uvp": null,
      "unit_price_value": 2.08,
      "unit_price_per": "kg",
      "discount_percent": 16.0,
      "pack_size_text": "Je 1,2 kg",
      "multi_buy_text": null,
      "lidl_plus": true,
      "action_type": "lidl_plus",
      "confidence": "high",
      "page": 29
    },
    {
      "offer_id": "O325",
      "product_name": "McEnnedy Spare Ribs",
      "brand": "McEnnedy",
      "variant": null,
      "offer_price": 4.99,
      "price_before": null,
      "uvp": null,
      "unit_price_value": 9.98,
      "unit_price_per": "kg",
      "discount_percent": null,
      "pack_size_text": "Je 500 g",
      "multi_buy_text": null,
      "lidl_plus": false,
      "action_type": "regular",
      "confidence": "high",
      "page": 29
    },
    {
      "offer_id": "O326",
      "product_name": "McEnedy American Style Pancakes",
      "brand": "McEnedy",
      "variant": null,
      "offer_price": 1.99,
      "price_before": null,
      "uvp": null,
      "unit_price_value": 6.63,
      "unit_price_per": "kg",
      "discount_percent": null,
      "pack_size_text": "3 x 300 g",
      "multi_buy_text": null,
      "lidl_plus": false,
      "action_type": "regular",
      "confidence": "high",
      "page": 53
    },
    {
      "offer_id": "O327",
      "product_name": "McEnedy Muffins XXL",
      "brand": "McEnedy",
      "variant": null,
      "offer_price": 2.69,
      "price_before": null,
      "uvp": null,
      "unit_price_value": 4.98,
      "unit_price_per": "kg",
      "discount_percent": null,
      "pack_size_text": "540 g",
      "multi_buy_text": null,
      "lidl_plus": false,
      "action_type": "regular",
      "confidence": "high",
      "page": 53
    },
    {
      "offer_id": "O328",
      "product_name": "McEnedy Ahornsirup",
      "brand": "McEnedy",
      "variant": null,
      "offer_price": 3.29,
      "price_before": null,
      "uvp": null,
      "unit_price_value": 13.16,
      "unit_price_per": "l",
      "discount_percent": null,
      "pack_size_text": "250 ml",
      "multi_buy_text": null,
      "lidl_plus": false,
      "action_type": "regular",
      "confidence": "high",
      "page": 53
    },
    {
      "offer_id": "O329",
      "product_name": "McEnedy Peanut Butter",
      "brand": "McEnedy",
      "variant": null,
      "offer_price": 2.29,
      "price_before": null,
      "uvp": null,
      "unit_price_value": 5.04,
      "unit_price_per": "kg",
      "discount_percent": null,
      "pack_size_text": "454 g",
      "multi_buy_text": null,
      "lidl_plus": false,
      "action_type": "regular",
      "confidence": "high",
      "page": 53
    },
    {
      "offer_id": "O330",
      "product_name": "McEnedy Pastrami",
      "brand": "McEnedy",
      "variant": null,
      "offer_price": 1.99,
      "price_before": null,
      "uvp": null,
      "unit_price_value": 19.9,
      "unit_price_per": "kg",
      "discount_percent": null,
      "pack_size_text": "100 g",
      "multi_buy_text": null,
      "lidl_plus": false,
      "action_type": "regular",
      "confidence": "high",
      "page": 53
    },
    {
      "offer_id": "O331",
      "product_name": "McEnedy Beef Jerky",
      "brand": "McEnedy",
      "variant": null,
      "offer_price": 1.99,
      "price_before": null,
      "uvp": null,
      "unit_price_value": 44.22,
      "unit_price_per": "kg",
      "discount_percent": null,
      "pack_size_text": "45 g",
      "multi_buy_text": null,
      "lidl_plus": false,
      "action_type": "regular",
      "confidence": "high",
      "page": 53
    },
    {
      "offer_id": "O332",
      "product_name": "McEnedy Burger Slices",
      "brand": "McEnedy",
      "variant": null,
      "offer_price": 2.69,
      "price_before": null,
      "uvp": null,
      "unit_price_value": 13.45,
      "unit_price_per": "kg",
      "discount_percent": null,
      "pack_size_text": "200 g",
      "multi_buy_text": "12 Scheiben",
      "lidl_plus": false,
      "action_type": "regular",
      "confidence": "high",
      "page": 53
    },
    {
      "offer_id": "O333",
      "product_name": "McEnedy Bagels",
      "brand": "McEnedy",
      "variant": null,
      "offer_price": 1.69,
      "price_before": null,
      "uvp": null,
      "unit_price_value": 4.97,
      "unit_price_per": "kg",
      "discount_percent": null,
      "pack_size_text": "340 g",
      "multi_buy_text": "4er-Pack",
      "lidl_plus": false,
      "action_type": "regular",
      "confidence": "high",
      "page": 53
    },
    {
      "offer_id": "O334",
      "product_name": "USA â€“ New York",
      "brand": null,
      "variant": null,
      "offer_price": 999.0,
      "price_before": null,
      "uvp": null,
      "unit_price_value": null,
      "unit_price_per": null,
      "discount_percent": null,
      "pack_size_text": "7 NÃ¤chte p.P. ab",
      "multi_buy_text": null,
      "lidl_plus": false,
      "action_type": "regular",
      "confidence": "high",
      "page": 53
    },
    {
      "offer_id": "O335",
      "product_name": "McEnnedy Popcorn sÃ¼ÃŸ",
      "brand": "McEnnedy",
      "variant": null,
      "offer_price": 2.49,
      "price_before": null,
      "uvp": null,
      "unit_price_value": 9.96,
      "unit_price_per": "kg",
      "discount_percent": null,
      "pack_size_text": "250 g",
      "multi_buy_text": null,
      "lidl_plus": false,
      "action_type": "regular",
      "confidence": "high",
      "page": 54
    },
    {
      "offer_id": "O336",
      "product_name": "McEnnedy Orangensaft XXL",
      "brand": "McEnnedy",
      "variant": null,
      "offer_price": 4.49,
      "price_before": null,
      "uvp": null,
      "unit_price_value": 2.25,
      "unit_price_per": "l",
      "discount_percent": null,
      "pack_size_text": "2 l",
      "multi_buy_text": null,
      "lidl_plus": false,
      "action_type": "regular",
      "confidence": "high",
      "page": 54
    },
    {
      "offer_id": "O337",
      "product_name": "McEnnedy Soft Cookies",
      "brand": "McEnnedy",
      "variant": null,
      "offer_price": 1.99,
      "price_before": null,
      "uvp": null,
      "unit_price_value": 8.84,
      "unit_price_per": "kg",
      "discount_percent": null,
      "pack_size_text": "225 g",
      "multi_buy_text": null,
      "lidl_plus": false,
      "action_type": "regular",
      "confidence": "high",
      "page": 54
    },
    {
      "offer_id": "O338",
      "product_name": "Southern Comfort Original",
      "brand": null,
      "variant": null,
      "offer_price": 9.99,
      "price_before": null,
      "uvp": null,
      "unit_price_value": 14.27,
      "unit_price_per": "l",
      "discount_percent": null,
      "pack_size_text": "0.7 l",
      "multi_buy_text": null,
      "lidl_plus": false,
      "action_type": "restricted",
      "confidence": "high",
      "page": 54
    },
    {
      "offer_id": "O339",
      "product_name": "Buffalo Trace Kentucky Straight Bourbon",
      "brand": null,
      "variant": null,
      "offer_price": 16.99,
      "price_before": null,
      "uvp": 22.49,
      "unit_price_value": 24.27,
      "unit_price_per": "l",
      "discount_percent": 24.0,
      "pack_size_text": "0.7 l",
      "multi_buy_text": null,
      "lidl_plus": false,
      "action_type": "restricted",
      "confidence": "high",
      "page": 54
    },
    {
      "offer_id": "O340",
      "product_name": "McEnnedy Pommes-Snack",
      "brand": "McEnnedy",
      "variant": null,
      "offer_price": 1.29,
      "price_before": null,
      "uvp": null,
      "unit_price_value": 7.37,
      "unit_price_per": "kg",
      "discount_percent": null,
      "pack_size_text": "175 g",
      "multi_buy_text": null,
      "lidl_plus": false,
      "action_type": "regular",
      "confidence": "high",
      "page": 54
    },
    {
      "offer_id": "O341",
      "product_name": "Takis",
      "brand": null,
      "variant": null,
      "offer_price": 2.99,
      "price_before": null,
      "uvp": null,
      "unit_price_value": 18.69,
      "unit_price_per": "kg",
      "discount_percent": null,
      "pack_size_text": "160 g",
      "multi_buy_text": null,
      "lidl_plus": false,
      "action_type": "regular",
      "confidence": "high",
      "page": 54
    },
    {
      "offer_id": "O342",
      "product_name": "Alesto Selection Kalifornische Pistazien XXL",
      "brand": "Alesto",
      "variant": null,
      "offer_price": 5.99,
      "price_before": null,
      "uvp": null,
      "unit_price_value": 11.98,
      "unit_price_per": "kg",
      "discount_percent": 14.0,
      "pack_size_text": "500 g",
      "multi_buy_text": null,
      "lidl_plus": false,
      "action_type": "regular",
      "confidence": "high",
      "page": 54
    },
    {
      "offer_id": "O343",
      "product_name": "McEnnedy Jumbo Erdnussflips",
      "brand": "McEnnedy",
      "variant": null,
      "offer_price": 1.99,
      "price_before": null,
      "uvp": null,
      "unit_price_value": 4.42,
      "unit_price_per": "kg",
      "discount_percent": null,
      "pack_size_text": "450 g",
      "multi_buy_text": null,
      "lidl_plus": false,
      "action_type": "regular",
      "confidence": "high",
      "page": 54
    },
    {
      "offer_id": "O344",
      "product_name": "McEnedy Crunchy Chicken Bucket",
      "brand": "McEnedy",
      "variant": null,
      "offer_price": 5.99,
      "price_before": null,
      "uvp": null,
      "unit_price_value": 9.22,
      "unit_price_per": "kg",
      "discount_percent": null,
      "pack_size_text": "650 g",
      "multi_buy_text": null,
      "lidl_plus": false,
      "action_type": "regular",
      "confidence": "high",
      "page": 55
    },
    {
      "offer_id": "O345",
      "product_name": "McEnedy Chicken Popcorn",
      "brand": "McEnedy",
      "variant": null,
      "offer_price": 2.99,
      "price_before": null,
      "uvp": null,
      "unit_price_value": 9.97,
      "unit_price_per": "kg",
      "discount_percent": null,
      "pack_size_text": "300 g",
      "multi_buy_text": null,
      "lidl_plus": false,
      "action_type": "regular",
      "confidence": "high",
      "page": 55
    },
    {
      "offer_id": "O346",
      "product_name": "McEnedy Stuffed Crust Pizza",
      "brand": "McEnedy",
      "variant": null,
      "offer_price": 3.69,
      "price_before": null,
      "uvp": null,
      "unit_price_value": 7.38,
      "unit_price_per": "kg",
      "discount_percent": null,
      "pack_size_text": "500/450 g",
      "multi_buy_text": null,
      "lidl_plus": false,
      "action_type": "regular",
      "confidence": "high",
      "page": 55
    },
    {
      "offer_id": "O347",
      "product_name": "McEnedy American Style Snack Box",
      "brand": "McEnedy",
      "variant": null,
      "offer_price": 3.99,
      "price_before": null,
      "uvp": null,
      "unit_price_value": 8.87,
      "unit_price_per": "kg",
      "discount_percent": null,
      "pack_size_text": "450 g",
      "multi_buy_text": null,
      "lidl_plus": false,
      "action_type": "regular",
      "confidence": "high",
      "page": 55
    },
    {
      "offer_id": "O348",
      "product_name": "McEnedy Pulled Turkey",
      "brand": "McEnedy",
      "variant": null,
      "offer_price": 4.99,
      "price_before": null,
      "uvp": null,
      "unit_price_value": 9.98,
      "unit_price_per": "kg",
      "discount_percent": null,
      "pack_size_text": "500 g",
      "multi_buy_text": null,
      "lidl_plus": false,
      "action_type": "regular",
      "confidence": "high",
      "page": 55
    },
    {
      "offer_id": "O349",
      "product_name": "McEnedy Burger",
      "brand": "McEnedy",
      "variant": null,
      "offer_price": 2.49,
      "price_before": null,
      "uvp": null,
      "unit_price_value": 11.86,
      "unit_price_per": "kg",
      "discount_percent": null,
      "pack_size_text": "210/200 g",
      "multi_buy_text": null,
      "lidl_plus": false,
      "action_type": "regular",
      "confidence": "high",
      "page": 55
    },
    {
      "offer_id": "O350",
      "product_name": "McEnedy Mac & Cheese",
      "brand": "McEnedy",
      "variant": null,
      "offer_price": 3.99,
      "price_before": null,
      "uvp": null,
      "unit_price_value": null,
      "unit_price_per": null,
      "discount_percent": null,
      "pack_size_text": "1 kg",
      "multi_buy_text": null,
      "lidl_plus": false,
      "action_type": "regular",
      "confidence": "high",
      "page": 55
    },
    {
      "offer_id": "O351",
      "product_name": "McEnedy HÃ¤hnchenbrust FiletstÃ¼cke",
      "brand": "McEnedy",
      "variant": null,
      "offer_price": 1.99,
      "price_before": null,
      "uvp": null,
      "unit_price_value": 13.27,
      "unit_price_per": "kg",
      "discount_percent": null,
      "pack_size_text": "150 g",
      "multi_buy_text": null,
      "lidl_plus": false,
      "action_type": "regular",
      "confidence": "high",
      "page": 55
    },
    {
      "offer_id": "O352",
      "product_name": "McEnnedy PartybÃ¤llchen",
      "brand": "McEnnedy",
      "variant": null,
      "offer_price": 2.79,
      "price_before": null,
      "uvp": null,
      "unit_price_value": 9.96,
      "unit_price_per": "kg",
      "discount_percent": null,
      "pack_size_text": "Je 280 g",
      "multi_buy_text": null,
      "lidl_plus": false,
      "action_type": "regular",
      "confidence": "high",
      "page": 56
    },
    {
      "offer_id": "O353",
      "product_name": "McEnnedy Tex Mex ReibekÃ¤se",
      "brand": "McEnnedy",
      "variant": null,
      "offer_price": 1.99,
      "price_before": null,
      "uvp": null,
      "unit_price_value": 9.95,
      "unit_price_per": "kg",
      "discount_percent": null,
      "pack_size_text": "Je 200 g",
      "multi_buy_text": null,
      "lidl_plus": false,
      "action_type": "regular",
      "confidence": "high",
      "page": 56
    },
    {
      "offer_id": "O354",
      "product_name": "McEnnedy Pancake-/Waffel-Backmischung",
      "brand": "McEnnedy",
      "variant": null,
      "offer_price": 1.29,
      "price_before": null,
      "uvp": null,
      "unit_price_value": 5.81,
      "unit_price_per": "kg",
      "discount_percent": null,
      "pack_size_text": "Je 222/200 g",
      "multi_buy_text": null,
      "lidl_plus": false,
      "action_type": "regular",
      "confidence": "high",
      "page": 56
    },
    {
      "offer_id": "O355",
      "product_name": "McEnnedy Pretzel Bites",
      "brand": "McEnnedy",
      "variant": null,
      "offer_price": 1.19,
      "price_before": null,
      "uvp": null,
      "unit_price_value": 9.52,
      "unit_price_per": "kg",
      "discount_percent": null,
      "pack_size_text": "Je 125 g",
      "multi_buy_text": null,
      "lidl_plus": false,
      "action_type": "regular",
      "confidence": "high",
      "page": 56
    },
    {
      "offer_id": "O356",
      "product_name": "McEnnedy Jelly Beans",
      "brand": "McEnnedy",
      "variant": null,
      "offer_price": 1.79,
      "price_before": null,
      "uvp": null,
      "unit_price_value": 7.16,
      "unit_price_per": "kg",
      "discount_percent": null,
      "pack_size_text": "Je 250 g",
      "multi_buy_text": null,
      "lidl_plus": false,
      "action_type": "regular",
      "confidence": "high",
      "page": 56
    },
    {
      "offer_id": "O357",
      "product_name": "McEnnedy Popcorn sÃ¼ÃŸ XXL",
      "brand": "McEnnedy",
      "variant": null,
      "offer_price": 2.49,
      "price_before": null,
      "uvp": null,
      "unit_price_value": 4.98,
      "unit_price_per": "kg",
      "discount_percent": null,
      "pack_size_text": "Je 500 g",
      "multi_buy_text": null,
      "lidl_plus": false,
      "action_type": "regular",
      "confidence": "high",
      "page": 56
    },
    {
      "offer_id": "O358",
      "product_name": "McEnnedy Streuselkuchen",
      "brand": "McEnnedy",
      "variant": null,
      "offer_price": 2.79,
      "price_before": null,
      "uvp": null,
      "unit_price_value": 6.2,
      "unit_price_per": "kg",
      "discount_percent": null,
      "pack_size_text": "Je 450 g",
      "multi_buy_text": null,
      "lidl_plus": false,
      "action_type": "regular",
      "confidence": "high",
      "page": 56
    },
    {
      "offer_id": "O359",
      "product_name": "McEnnedy Milchshake",
      "brand": "McEnnedy",
      "variant": null,
      "offer_price": 0.65,
      "price_before": null,
      "uvp": null,
      "unit_price_value": 2.83,
      "unit_price_per": "l",
      "discount_percent": null,
      "pack_size_text": "Je 230 ml",
      "multi_buy_text": null,
      "lidl_plus": false,
      "action_type": "regular",
      "confidence": "high",
      "page": 56
    },
    {
      "offer_id": "O360",
      "product_name": "Porree",
      "brand": null,
      "variant": null,
      "offer_price": 0.49,
      "price_before": null,
      "uvp": null,
      "unit_price_value": null,
      "unit_price_per": null,
      "discount_percent": null,
      "pack_size_text": "1 StÃ¼ck",
      "multi_buy_text": null,
      "lidl_plus": false,
      "action_type": "regular",
      "confidence": "high",
      "page": 32
    },
    {
      "offer_id": "O361",
      "product_name": "Cherrystrauchtomaten",
      "brand": null,
      "variant": null,
      "offer_price": 2.99,
      "price_before": null,
      "uvp": null,
      "unit_price_value": 5.98,
      "unit_price_per": "kg",
      "discount_percent": null,
      "pack_size_text": "500 g",
      "multi_buy_text": null,
      "lidl_plus": false,
      "action_type": "regular",
      "confidence": "high",
      "page": 32
    },
    {
      "offer_id": "O362",
      "product_name": "Eisbergsalat",
      "brand": null,
      "variant": null,
      "offer_price": 0.95,
      "price_before": null,
      "uvp": null,
      "unit_price_value": null,
      "unit_price_per": null,
      "discount_percent": null,
      "pack_size_text": null,
      "multi_buy_text": null,
      "lidl_plus": false,
      "action_type": "regular",
      "confidence": "high",
      "page": 32
    },
    {
      "offer_id": "O363",
      "product_name": "Bio Brokkoli",
      "brand": null,
      "variant": null,
      "offer_price": 1.49,
      "price_before": null,
      "uvp": null,
      "unit_price_value": 3.73,
      "unit_price_per": "kg",
      "discount_percent": null,
      "pack_size_text": "400 g",
      "multi_buy_text": null,
      "lidl_plus": false,
      "action_type": "regular",
      "confidence": "high",
      "page": 32
    },
    {
      "offer_id": "O364",
      "product_name": "Metzgerfrisch Chicken Wings FlÃ¼ssig gewÃ¼rzt, gegart",
      "brand": "XXL",
      "variant": null,
      "offer_price": 6.99,
      "price_before": null,
      "uvp": null,
      "unit_price_value": 8.74,
      "unit_price_per": "kg",
      "discount_percent": null,
      "pack_size_text": "800 g",
      "multi_buy_text": null,
      "lidl_plus": false,
      "action_type": "regular",
      "confidence": "high",
      "page": 33
    },
    {
      "offer_id": "O365",
      "product_name": "Metzgerfrisch HÃ¤hnchen Kebab",
      "brand": "XXL",
      "variant": null,
      "offer_price": 5.99,
      "price_before": null,
      "uvp": null,
      "unit_price_value": 7.49,
      "unit_price_per": "kg",
      "discount_percent": null,
      "pack_size_text": "800 g",
      "multi_buy_text": null,
      "lidl_plus": false,
      "action_type": "regular",
      "confidence": "high",
      "page": 33
    },
    {
      "offer_id": "O366",
      "product_name": "Metzgerfrisch Schweine-BÃ¤llchen Versch. Sorten",
      "brand": null,
      "variant": null,
      "offer_price": 5.99,
      "price_before": null,
      "uvp": null,
      "unit_price_value": null,
      "unit_price_per": null,
      "discount_percent": null,
      "pack_size_text": "1 kg",
      "multi_buy_text": null,
      "lidl_plus": false,
      "action_type": "regular",
      "confidence": "high",
      "page": 33
    },
    {
      "offer_id": "O367",
      "product_name": "Metzgerfrisch Frische Schweine-SchÃ¤lrippchen",
      "brand": "XXL",
      "variant": null,
      "offer_price": 4.79,
      "price_before": null,
      "uvp": null,
      "unit_price_value": null,
      "unit_price_per": null,
      "discount_percent": null,
      "pack_size_text": "Ca. 1,1 kg",
      "multi_buy_text": null,
      "lidl_plus": false,
      "action_type": "regular",
      "confidence": "high",
      "page": 33
    },
    {
      "offer_id": "O368",
      "product_name": "Metzgerfrisch Frische Kalbs-Leber",
      "brand": null,
      "variant": null,
      "offer_price": 6.99,
      "price_before": null,
      "uvp": null,
      "unit_price_value": 17.48,
      "unit_price_per": "kg",
      "discount_percent": null,
      "pack_size_text": "400 g",
      "multi_buy_text": null,
      "lidl_plus": false,
      "action_type": "regular",
      "confidence": "high",
      "page": 33
    },
    {
      "offer_id": "O369",
      "product_name": "Metzgerfrisch Frischer Rinder-Braten",
      "brand": null,
      "variant": null,
      "offer_price": 14.99,
      "price_before": null,
      "uvp": null,
      "unit_price_value": null,
      "unit_price_per": null,
      "discount_percent": null,
      "pack_size_text": "Ca. 1-1,5 kg",
      "multi_buy_text": null,
      "lidl_plus": false,
      "action_type": "regular",
      "confidence": "high",
      "page": 33
    },
    {
      "offer_id": "O370",
      "product_name": "Fischerstolz Ofen- und Grill-Lachs Versch. Sorten",
      "brand": "XXL",
      "variant": null,
      "offer_price": 6.79,
      "price_before": null,
      "uvp": null,
      "unit_price_value": 18.11,
      "unit_price_per": "kg",
      "discount_percent": null,
      "pack_size_text": "3x 125 g",
      "multi_buy_text": null,
      "lidl_plus": false,
      "action_type": "regular",
      "confidence": "high",
      "page": 33
    },
    {
      "offer_id": "O371",
      "product_name": "Metzgerfrisch Frisches Rinder-Suppenfleischpaket",
      "brand": null,
      "variant": null,
      "offer_price": 9.6,
      "price_before": null,
      "uvp": null,
      "unit_price_value": 11.99,
      "unit_price_per": "kg",
      "discount_percent": null,
      "pack_size_text": "Ca. 800 g",
      "multi_buy_text": null,
      "lidl_plus": false,
      "action_type": "regular",
      "confidence": "high",
      "page": 33
    },
    {
      "offer_id": "O372",
      "product_name": "Dr. Oetker Vitalis MÃ¼sli",
      "brand": "Dr. Oetker",
      "variant": "Versch. Sorten",
      "offer_price": 1.99,
      "price_before": null,
      "uvp": 3.99,
      "unit_price_value": 2.65,
      "unit_price_per": "kg",
      "discount_percent": 50.0,
      "pack_size_text": "750/563 g",
      "multi_buy_text": null,
      "lidl_plus": false,
      "action_type": "regular",
      "confidence": "high",
      "page": 59
    },
    {
      "offer_id": "O373",
      "product_name": "Meggle Feine Butter/Streichzart",
      "brand": "Meggle",
      "variant": "Versch. Sorten",
      "offer_price": 1.69,
      "price_before": 2.99,
      "uvp": null,
      "unit_price_value": 6.76,
      "unit_price_per": "kg",
      "discount_percent": 43.0,
      "pack_size_text": "250 g",
      "multi_buy_text": null,
      "lidl_plus": false,
      "action_type": "regular",
      "confidence": "high",
      "page": 59
    },
    {
      "offer_id": "O374",
      "product_name": "Ehrmann High Protein Creatine Pudding",
      "brand": "Ehrmann",
      "variant": "Versch. Sorten",
      "offer_price": 1.39,
      "price_before": 1.99,
      "uvp": null,
      "unit_price_value": 6.04,
      "unit_price_per": "kg",
      "discount_percent": 30.0,
      "pack_size_text": "230 g",
      "multi_buy_text": null,
      "lidl_plus": false,
      "action_type": "regular",
      "confidence": "high",
      "page": 59
    },
    {
      "offer_id": "O375",
      "product_name": "Celebrations",
      "brand": null,
      "variant": "Standardpackung",
      "offer_price": 3.99,
      "price_before": null,
      "uvp": null,
      "unit_price_value": 14.83,
      "unit_price_per": "kg",
      "discount_percent": 38.0,
      "pack_size_text": "269 g",
      "multi_buy_text": null,
      "lidl_plus": false,
      "action_type": "regular",
      "confidence": "high",
      "page": 59
    },
    {
      "offer_id": "O376",
      "product_name": "Danone Fruchtzwerge",
      "brand": "Danone",
      "variant": "Versch. Sorten, Je 6x 50g",
      "offer_price": 1.49,
      "price_before": null,
      "uvp": 2.39,
      "unit_price_value": 4.97,
      "unit_price_per": "kg",
      "discount_percent": 37.0,
      "pack_size_text": "6x 50g",
      "multi_buy_text": null,
      "lidl_plus": false,
      "action_type": "regular",
      "confidence": "high",
      "page": 60
    },
    {
      "offer_id": "O377",
      "product_name": "Arizona Tea XXL",
      "brand": "Arizona",
      "variant": "Versch. Sorten, Je 1,75l",
      "offer_price": 1.39,
      "price_before": null,
      "uvp": null,
      "unit_price_value": 0.79,
      "unit_price_per": "l",
      "discount_percent": null,
      "pack_size_text": "1,75l",
      "multi_buy_text": null,
      "lidl_plus": false,
      "action_type": "regular",
      "confidence": "high",
      "page": 60
    },
    {
      "offer_id": "O378",
      "product_name": "Lavazza Caffe Ganze Bohnen",
      "brand": "Lavazza",
      "variant": "Cremoso, 1kg",
      "offer_price": 14.99,
      "price_before": 20.99,
      "uvp": null,
      "unit_price_value": null,
      "unit_price_per": null,
      "discount_percent": 26.0,
      "pack_size_text": "1kg",
      "multi_buy_text": null,
      "lidl_plus": true,
      "action_type": "lidl_plus",
      "confidence": "high",
      "page": 60
    },
    {
      "offer_id": "O379",
      "product_name": "Dallmayr Prodomo",
      "brand": "Dallmayr",
      "variant": "Versch. Sorten, Je 500g",
      "offer_price": 7.99,
      "price_before": 10.49,
      "uvp": null,
      "unit_price_value": 15.98,
      "unit_price_per": "kg",
      "discount_percent": 23.0,
      "pack_size_text": "500g",
      "multi_buy_text": null,
      "lidl_plus": true,
      "action_type": "lidl_plus",
      "confidence": "high",
      "page": 60
    },
    {
      "offer_id": "O380",
      "product_name": "Granini Die Limo",
      "brand": "Granini",
      "variant": "Versch. Sorten, Je 1l",
      "offer_price": 1.29,
      "price_before": 1.79,
      "uvp": null,
      "unit_price_value": null,
      "unit_price_per": null,
      "discount_percent": 27.0,
      "pack_size_text": "1l",
      "multi_buy_text": null,
      "lidl_plus": false,
      "action_type": "regular",
      "confidence": "high",
      "page": 60
    },
    {
      "offer_id": "O381",
      "product_name": "Freixenet Carta Sekt",
      "brand": "Freixenet",
      "variant": "Versch. Sorten, Je 0,75l",
      "offer_price": 3.99,
      "price_before": 6.99,
      "uvp": null,
      "unit_price_value": 5.32,
      "unit_price_per": "l",
      "discount_percent": 42.0,
      "pack_size_text": "0,75l",
      "multi_buy_text": null,
      "lidl_plus": false,
      "action_type": "restricted",
      "confidence": "high",
      "page": 60
    },
    {
      "offer_id": "O382",
      "product_name": "L'OrÃ©al Men Expert Duschgel",
      "brand": "L'OrÃ©al",
      "variant": "XXXL, Versch. Sorten, Je 1l",
      "offer_price": 5.99,
      "price_before": 6.99,
      "uvp": null,
      "unit_price_value": null,
      "unit_price_per": null,
      "discount_percent": null,
      "pack_size_text": "1l",
      "multi_buy_text": null,
      "lidl_plus": false,
      "action_type": "regular",
      "confidence": "high",
      "page": 60
    },
    {
      "offer_id": "O383",
      "product_name": "Febreze Car Lufterfrischer/Duftstecker",
      "brand": "Febreze",
      "variant": "Versch. Sorten, Je 40/70ml",
      "offer_price": 5.99,
      "price_before": 7.49,
      "uvp": null,
      "unit_price_value": 149.75,
      "unit_price_per": "l",
      "discount_percent": 20.0,
      "pack_size_text": "40/70ml",
      "multi_buy_text": null,
      "lidl_plus": false,
      "action_type": "regular",
      "confidence": "high",
      "page": 60
    },
    {
      "offer_id": "O384",
      "product_name": "Kuschelweich WeichspÃ¼ler",
      "brand": "Kuschelweich",
      "variant": "Versch. Sorten, Je 1l",
      "offer_price": 2.65,
      "price_before": 3.89,
      "uvp": null,
      "unit_price_value": 1.33,
      "unit_price_per": "l",
      "discount_percent": 31.0,
      "pack_size_text": "1l",
      "multi_buy_text": null,
      "lidl_plus": false,
      "action_type": "regular",
      "confidence": "high",
      "page": 60
    },
    {
      "offer_id": "O385",
      "product_name": "Ariel Waschmittel",
      "brand": "Ariel",
      "variant": "Pulver, Pods oder Gel, Je 36/30/40 WL",
      "offer_price": 8.99,
      "price_before": 11.99,
      "uvp": null,
      "unit_price_value": null,
      "unit_price_per": null,
      "discount_percent": 25.0,
      "pack_size_text": "36/30/40 WL",
      "multi_buy_text": null,
      "lidl_plus": false,
      "action_type": "regular",
      "confidence": "high",
      "page": 60
    },
    {
      "offer_id": "O386",
      "product_name": "Rougette OfenkÃ¤se",
      "brand": "Rougette",
      "variant": "Versch. Sorten, Je 320g",
      "offer_price": 3.99,
      "price_before": 5.99,
      "uvp": null,
      "unit_price_value": 12.47,
      "unit_price_per": "kg",
      "discount_percent": 33.0,
      "pack_size_text": "320g",
      "multi_buy_text": null,
      "lidl_plus": true,
      "action_type": "lidl_plus",
      "confidence": "high",
      "page": 60
    },
    {
      "offer_id": "O387",
      "product_name": "Bergader KÃ¤se MiniflÃ¤",
      "brand": "Bergader",
      "variant": "Versch. Sorten, Je 150g",
      "offer_price": 1.59,
      "price_before": 1.99,
      "uvp": null,
      "unit_price_value": 10.6,
      "unit_price_per": "kg",
      "discount_percent": 20.0,
      "pack_size_text": "150g",
      "multi_buy_text": null,
      "lidl_plus": true,
      "action_type": "lidl_plus",
      "confidence": "high",
      "page": 60
    },
    {
      "offer_id": "O388",
      "product_name": "Bellarom Kaffeekapseln",
      "brand": "Bellarom",
      "variant": null,
      "offer_price": null,
      "price_before": null,
      "uvp": null,
      "unit_price_value": null,
      "unit_price_per": null,
      "discount_percent": 15.0,
      "pack_size_text": null,
      "multi_buy_text": null,
      "lidl_plus": true,
      "action_type": "lidl_plus",
      "confidence": "medium",
      "page": 61
    },
    {
      "offer_id": "O389",
      "product_name": "Frischer Schweine-Nackenbraten",
      "brand": null,
      "variant": null,
      "offer_price": null,
      "price_before": null,
      "uvp": null,
      "unit_price_value": 5.39,
      "unit_price_per": "kg",
      "discount_percent": null,
      "pack_size_text": "Ca. 2.5 kg",
      "multi_buy_text": null,
      "lidl_plus": false,
      "action_type": "regular",
      "confidence": "high",
      "page": 61
    },
    {
      "offer_id": "O390",
      "product_name": "Brunch Brotaufstrich",
      "brand": "Brunch",
      "variant": null,
      "offer_price": 0.99,
      "price_before": 1.89,
      "uvp": null,
      "unit_price_value": 5.35,
      "unit_price_per": "kg",
      "discount_percent": 47.0,
      "pack_size_text": "Je 185 g",
      "multi_buy_text": null,
      "lidl_plus": false,
      "action_type": "regular",
      "confidence": "high",
      "page": 61
    },
    {
      "offer_id": "O391",
      "product_name": "Iglo Fertiggericht",
      "brand": "Iglo",
      "variant": null,
      "offer_price": 2.49,
      "price_before": 3.59,
      "uvp": null,
      "unit_price_value": 6.2,
      "unit_price_per": "kg",
      "discount_percent": 37.0,
      "pack_size_text": "450 g",
      "multi_buy_text": null,
      "lidl_plus": true,
      "action_type": "lidl_plus",
      "confidence": "high",
      "page": 61
    },
    {
      "offer_id": "O392",
      "product_name": "MeÃŸmer Tee",
      "brand": "MeÃŸmer",
      "variant": null,
      "offer_price": 1.49,
      "price_before": 2.69,
      "uvp": null,
      "unit_price_value": 37.25,
      "unit_price_per": "kg",
      "discount_percent": 44.0,
      "pack_size_text": "Je 40/36 g",
      "multi_buy_text": null,
      "lidl_plus": false,
      "action_type": "regular",
      "confidence": "high",
      "page": 61
    },
    {
      "offer_id": "O393",
      "product_name": "Vita D'or Reines SonnenblumenÃ¶l",
      "brand": "Vita D'or",
      "variant": null,
      "offer_price": 1.49,
      "price_before": 1.69,
      "uvp": null,
      "unit_price_value": null,
      "unit_price_per": null,
      "discount_percent": 11.0,
      "pack_size_text": "1 l",
      "multi_buy_text": null,
      "lidl_plus": true,
      "action_type": "lidl_plus",
      "confidence": "high",
      "page": 61
    },
    {
      "offer_id": "O394",
      "product_name": "Genius Nicer Dicer Smart",
      "brand": "Genius",
      "variant": null,
      "offer_price": 29.99,
      "price_before": 89.95,
      "uvp": null,
      "unit_price_value": null,
      "unit_price_per": null,
      "discount_percent": 66.0,
      "pack_size_text": "16-teilig",
      "multi_buy_text": null,
      "lidl_plus": false,
      "action_type": "regular",
      "confidence": "high",
      "page": 61
    },
    {
      "offer_id": "O395",
      "product_name": "Vale Tablet",
      "brand": "Vale",
      "variant": null,
      "offer_price": 89.99,
      "price_before": 149.0,
      "uvp": null,
      "unit_price_value": null,
      "unit_price_per": null,
      "discount_percent": 39.0,
      "pack_size_text": null,
      "multi_buy_text": null,
      "lidl_plus": false,
      "action_type": "regular",
      "confidence": "high",
      "page": 61
    },
    {
      "offer_id": "O396",
      "product_name": "1 Jahr gratis einkaufen",
      "brand": null,
      "variant": null,
      "offer_price": null,
      "price_before": null,
      "uvp": null,
      "unit_price_value": null,
      "unit_price_per": null,
      "discount_percent": null,
      "pack_size_text": null,
      "multi_buy_text": null,
      "lidl_plus": false,
      "action_type": "regular",
      "confidence": "medium",
      "page": 62
    },
    {
      "offer_id": "O397",
      "product_name": "3x Jahreseinkauf",
      "brand": null,
      "variant": null,
      "offer_price": null,
      "price_before": null,
      "uvp": null,
      "unit_price_value": null,
      "unit_price_per": null,
      "discount_percent": null,
      "pack_size_text": null,
      "multi_buy_text": null,
      "lidl_plus": false,
      "action_type": "regular",
      "confidence": "medium",
      "page": 62
    },
    {
      "offer_id": "O398",
      "product_name": "Bayer. Wald Runding\nEigenanreise, 3 NÃ¤chte, Familienhotel Runding ***, All Inclusive",
      "brand": null,
      "variant": null,
      "offer_price": 99.0,
      "price_before": null,
      "uvp": 149.0,
      "unit_price_value": null,
      "unit_price_per": null,
      "discount_percent": 50.0,
      "pack_size_text": "3 NÃ¤chte p.P. ab",
      "multi_buy_text": null,
      "lidl_plus": false,
      "action_type": "regular",
      "confidence": "high",
      "page": 63
    },
    {
      "offer_id": "O399",
      "product_name": "Bayern MÃ¼nchen\nEigenanreise, 3 NÃ¤chte, DJH MÃ¼nchen City, inkl. Vollpension Plus",
      "brand": null,
      "variant": null,
      "offer_price": 349.0,
      "price_before": null,
      "uvp": 389.0,
      "unit_price_value": null,
      "unit_price_per": null,
      "discount_percent": 40.0,
      "pack_size_text": "3 NÃ¤chte p.P. ab",
      "multi_buy_text": null,
      "lidl_plus": false,
      "action_type": "regular",
      "confidence": "high",
      "page": 63
    },
    {
      "offer_id": "O400",
      "product_name": "Center Parcs\nDer perfekte Urlaub mit Familie & Freunden bei Center Parcs lohnt sich.",
      "brand": "Center Parcs",
      "variant": null,
      "offer_price": 189.0,
      "price_before": null,
      "uvp": null,
      "unit_price_value": null,
      "unit_price_per": null,
      "discount_percent": 35.0,
      "pack_size_text": "3 NÃ¤chte pro Ferienhaus ab",
      "multi_buy_text": null,
      "lidl_plus": false,
      "action_type": "regular",
      "confidence": "high",
      "page": 63
    },
    {
      "offer_id": "O401",
      "product_name": "Italien Gardasee\nEigenanreise, 7 NÃ¤chte, Residence Green Park, inkl. Halbpension",
      "brand": null,
      "variant": null,
      "offer_price": 449.0,
      "price_before": 569.0,
      "uvp": null,
      "unit_price_value": null,
      "unit_price_per": null,
      "discount_percent": 120.0,
      "pack_size_text": null,
      "multi_buy_text": null,
      "lidl_plus": false,
      "action_type": "regular",
      "confidence": "high",
      "page": 64
    },
    {
      "offer_id": "O402",
      "product_name": "Ã„gypten Nilkreuzfahrt & Baden\n15-tÃ¤gige Reise inkl. Flug, 5-Sterne-Nilschiff, inkl. VP & 5-Sterne-Hotel, AI",
      "brand": null,
      "variant": null,
      "offer_price": 799.0,
      "price_before": 1099.0,
      "uvp": null,
      "unit_price_value": null,
      "unit_price_per": null,
      "discount_percent": 300.0,
      "pack_size_text": null,
      "multi_buy_text": null,
      "lidl_plus": false,
      "action_type": "regular",
      "confidence": "high",
      "page": 64
    },
    {
      "offer_id": "O403",
      "product_name": "TÃ¼rkei & Griechenland InselhÃ¼pfen\n13-tÃ¤gige Reise inkl. Flug, 4- & 5-Sterne Hotels, Verpflegung lt. Programm",
      "brand": null,
      "variant": null,
      "offer_price": 899.0,
      "price_before": 1149.0,
      "uvp": null,
      "unit_price_value": null,
      "unit_price_per": null,
      "discount_percent": 250.0,
      "pack_size_text": null,
      "multi_buy_text": null,
      "lidl_plus": false,
      "action_type": "regular",
      "confidence": "high",
      "page": 64
    },
    {
      "offer_id": "O404",
      "product_name": "Disney Adventure World\n2 ÃœN im B&B Marne la Vallee Noisy (o.Ã¤.), inkl. FrÃ¼hstÃ¼ck & 2 Tage Eintritt fÃ¼r DisneylandÂ® Park & Walt Disney StudiosÂ® Park",
      "brand": null,
      "variant": null,
      "offer_price": 199.0,
      "price_before": null,
      "uvp": null,
      "unit_price_value": null,
      "unit_price_per": null,
      "discount_percent": null,
      "pack_size_text": null,
      "multi_buy_text": null,
      "lidl_plus": false,
      "action_type": "regular",
      "confidence": "high",
      "page": 64
    },
    {
      "offer_id": "O405",
      "product_name": "Zitruspflanzen am Stamm",
      "brand": null,
      "variant": null,
      "offer_price": 24.99,
      "price_before": null,
      "uvp": null,
      "unit_price_value": null,
      "unit_price_per": null,
      "discount_percent": null,
      "pack_size_text": "Je Topf",
      "multi_buy_text": null,
      "lidl_plus": false,
      "action_type": "regular",
      "confidence": "high",
      "page": 65
    },
    {
      "offer_id": "O406",
      "product_name": "GroÃŸe GrÃ¼npflanze",
      "brand": null,
      "variant": null,
      "offer_price": 14.99,
      "price_before": null,
      "uvp": null,
      "unit_price_value": null,
      "unit_price_per": null,
      "discount_percent": null,
      "pack_size_text": "Je Topf",
      "multi_buy_text": null,
      "lidl_plus": false,
      "action_type": "regular",
      "confidence": "high",
      "page": 65
    },
    {
      "offer_id": "O407",
      "product_name": "Premium GrÃ¼npflanze in Viereck-Keramik",
      "brand": null,
      "variant": null,
      "offer_price": 9.99,
      "price_before": null,
      "uvp": null,
      "unit_price_value": null,
      "unit_price_per": null,
      "discount_percent": null,
      "pack_size_text": "Je Topf",
      "multi_buy_text": null,
      "lidl_plus": false,
      "action_type": "regular",
      "confidence": "high",
      "page": 65
    },
    {
      "offer_id": "O408",
      "product_name": "Bepflanzte Glasschale",
      "brand": null,
      "variant": null,
      "offer_price": 6.99,
      "price_before": null,
      "uvp": null,
      "unit_price_value": null,
      "unit_price_per": null,
      "discount_percent": null,
      "pack_size_text": "Je Schale",
      "multi_buy_text": null,
      "lidl_plus": false,
      "action_type": "regular",
      "confidence": "high",
      "page": 65
    },
    {
      "offer_id": "O409",
      "product_name": "Hyazinthen",
      "brand": null,
      "variant": null,
      "offer_price": 3.99,
      "price_before": null,
      "uvp": null,
      "unit_price_value": null,
      "unit_price_per": null,
      "discount_percent": null,
      "pack_size_text": "5 Zwiebeln je Topf",
      "multi_buy_text": null,
      "lidl_plus": false,
      "action_type": "regular",
      "confidence": "high",
      "page": 65
    },
    {
      "offer_id": "O410",
      "product_name": "Blumenzwiebeln",
      "brand": null,
      "variant": null,
      "offer_price": 2.99,
      "price_before": null,
      "uvp": null,
      "unit_price_value": null,
      "unit_price_per": null,
      "discount_percent": null,
      "pack_size_text": "Je Topf",
      "multi_buy_text": null,
      "lidl_plus": false,
      "action_type": "regular",
      "confidence": "high",
      "page": 65
    }
  ]
}
