{
  "supermarket": "LIDL",
  "source": "/Users/romw24/dev/AppProjektRoman/roman_app/assets/prospekte/lidl/lidl.pdf",
  "total_offers": 410,
  "extraction_date": "2026-01-26 12:55:08",
  "lidl_plus_count": 53,
  "offers": [
    {
      "product_name": "Der Große Bauer Joghurt",
      "brand": "Bauer",
      "variant": null,
      "offer_price": 0.49,
      "price_before": null,
      "uvp": 0.99,
      "unit_price_value": 1.96,
      "unit_price_per": "kg",
      "discount_percent": 50.0,
      "pack_size_text": "Je 250/225 g",
      "multi_buy_text": null,
      "lidl_plus": false,
      "lidl_plus_only": false,
      "other_badges": [],
      "category": null,
      "action_type": "regular",
      "price_candidates": [
        {
          "value": 0.49,
          "context": "offer",
          "type_hint": "offer"
        },
        {
          "value": 0.99,
          "context": "UVP",
          "type_hint": "uvp"
        },
        {
          "value": 1.96,
          "context": "1 kg =",
          "type_hint": "unit"
        },
        {
          "value": 2.18,
          "context": "1 kg =",
          "type_hint": "unit"
        }
      ],
      "confidence": "high",
      "page": 5,
      "tile": null,
      "original_price": null
    },
    {
      "product_name": "Ben's Original Express Reis",
      "brand": "Ben's Original",
      "variant": null,
      "offer_price": 1.29,
      "price_before": 2.29,
      "uvp": null,
      "unit_price_value": 5.86,
      "unit_price_per": "kg",
      "discount_percent": 43.0,
      "pack_size_text": "Je 220 g",
      "multi_buy_text": null,
      "lidl_plus": false,
      "lidl_plus_only": false,
      "other_badges": [],
      "category": null,
      "action_type": "regular",
      "price_candidates": [
        {
          "value": 1.29,
          "context": "offer",
          "type_hint": "offer"
        },
        {
          "value": 2.29,
          "context": "vorher",
          "type_hint": "before"
        },
        {
          "value": 5.86,
          "context": "1 kg =",
          "type_hint": "unit"
        }
      ],
      "confidence": "high",
      "page": 5,
      "tile": null,
      "original_price": null
    },
    {
      "product_name": "Barilla Pasta",
      "brand": "Barilla",
      "variant": null,
      "offer_price": 0.99,
      "price_before": null,
      "uvp": null,
      "unit_price_value": 1.98,
      "unit_price_per": "kg",
      "discount_percent": 50.0,
      "pack_size_text": "Je 500 g",
      "multi_buy_text": null,
      "lidl_plus": false,
      "lidl_plus_only": false,
      "other_badges": [],
      "category": null,
      "action_type": "regular",
      "price_candidates": [
        {
          "value": 0.99,
          "context": "offer",
          "type_hint": "offer"
        },
        {
          "value": 1.98,
          "context": "1 kg =",
          "type_hint": "unit"
        }
      ],
      "confidence": "high",
      "page": 5,
      "tile": null,
      "original_price": null
    },
    {
      "product_name": "Billie Green Vegane Salami Versch. Sorten",
      "brand": "Billie Green",
      "variant": null,
      "offer_price": 1.29,
      "price_before": 1.69,
      "uvp": null,
      "unit_price_value": 17.07,
      "unit_price_per": "kg",
      "discount_percent": null,
      "pack_size_text": "Je 75/90 g",
      "multi_buy_text": null,
      "lidl_plus": true,
      "lidl_plus_only": false,
      "other_badges": [],
      "category": null,
      "action_type": "lidl_plus",
      "price_candidates": [
        {
          "value": 1.29,
          "context": "Mit Lidl Plus",
          "type_hint": "offer"
        },
        {
          "value": 1.69,
          "context": "Normalpreis",
          "type_hint": "before"
        },
        {
          "value": 17.07,
          "context": "1 kg =",
          "type_hint": "unit"
        },
        {
          "value": 12.7,
          "context": "1 kg =",
          "type_hint": "unit"
        },
        {
          "value": 14.83,
          "context": "1 kg =",
          "type_hint": "unit"
        }
      ],
      "confidence": "high",
      "page": 5,
      "tile": null,
      "original_price": null
    },
    {
      "product_name": "Alesto Selection Studentenfutter Classic",
      "brand": "Alesto",
      "variant": null,
      "offer_price": 1.69,
      "price_before": 2.29,
      "uvp": null,
      "unit_price_value": 8.45,
      "unit_price_per": "kg",
      "discount_percent": 26.0,
      "pack_size_text": "Je 200 g",
      "multi_buy_text": null,
      "lidl_plus": false,
      "lidl_plus_only": false,
      "other_badges": [],
      "category": null,
      "action_type": "regular",
      "price_candidates": [
        {
          "value": 1.69,
          "context": "offer",
          "type_hint": "offer"
        },
        {
          "value": 2.29,
          "context": "vorher",
          "type_hint": "before"
        },
        {
          "value": 8.45,
          "context": "1 kg =",
          "type_hint": "unit"
        },
        {
          "value": 11.45,
          "context": "1 kg =",
          "type_hint": "unit"
        }
      ],
      "confidence": "high",
      "page": 5,
      "tile": null,
      "original_price": null
    },
    {
      "product_name": "Müller Müllermilch/Shake",
      "brand": "Müller",
      "variant": null,
      "offer_price": 0.69,
      "price_before": 1.49,
      "uvp": null,
      "unit_price_value": 1.73,
      "unit_price_per": "l",
      "discount_percent": 53.0,
      "pack_size_text": "Je 400 ml",
      "multi_buy_text": null,
      "lidl_plus": false,
      "lidl_plus_only": false,
      "other_badges": [],
      "category": null,
      "action_type": "regular",
      "price_candidates": [
        {
          "value": 0.69,
          "context": "offer",
          "type_hint": "offer"
        },
        {
          "value": 1.49,
          "context": "before",
          "type_hint": "before"
        },
        {
          "value": 1.73,
          "context": "unit",
          "type_hint": "unit"
        }
      ],
      "confidence": "high",
      "page": 3,
      "tile": null,
      "original_price": null
    },
    {
      "product_name": "Nordsee Knusper-Garnelen",
      "brand": "Nordsee",
      "variant": null,
      "offer_price": 3.49,
      "price_before": null,
      "uvp": 4.59,
      "unit_price_value": 17.45,
      "unit_price_per": "kg",
      "discount_percent": 23.0,
      "pack_size_text": "Je 200 g",
      "multi_buy_text": null,
      "lidl_plus": false,
      "lidl_plus_only": false,
      "other_badges": [],
      "category": null,
      "action_type": "regular",
      "price_candidates": [
        {
          "value": 3.49,
          "context": "offer",
          "type_hint": "offer"
        },
        {
          "value": 4.59,
          "context": "uvp",
          "type_hint": "uvp"
        },
        {
          "value": 17.45,
          "context": "unit",
          "type_hint": "unit"
        }
      ],
      "confidence": "high",
      "page": 3,
      "tile": null,
      "original_price": null
    },
    {
      "product_name": "Dr. Oetker Ristorante Pizza/Bistro Flammkuchen Elsässer Art",
      "brand": "Dr. Oetker",
      "variant": null,
      "offer_price": 3.99,
      "price_before": null,
      "uvp": 6.79,
      "unit_price_value": null,
      "unit_price_per": null,
      "discount_percent": 41.0,
      "pack_size_text": "2er Packung",
      "multi_buy_text": null,
      "lidl_plus": false,
      "lidl_plus_only": false,
      "other_badges": [],
      "category": null,
      "action_type": "regular",
      "price_candidates": [
        {
          "value": 3.99,
          "context": "offer",
          "type_hint": "offer"
        },
        {
          "value": 6.79,
          "context": "uvp",
          "type_hint": "uvp"
        }
      ],
      "confidence": "high",
      "page": 3,
      "tile": null,
      "original_price": null
    },
    {
      "product_name": "Ömür Hirtenkäse",
      "brand": "Ömür",
      "variant": null,
      "offer_price": 6.49,
      "price_before": null,
      "uvp": null,
      "unit_price_value": 8.11,
      "unit_price_per": "kg",
      "discount_percent": null,
      "pack_size_text": "800 g",
      "multi_buy_text": null,
      "lidl_plus": false,
      "lidl_plus_only": false,
      "other_badges": [],
      "category": null,
      "action_type": "regular",
      "price_candidates": [
        {
          "value": 6.49,
          "context": "offer",
          "type_hint": "offer"
        },
        {
          "value": 8.11,
          "context": "unit",
          "type_hint": "unit"
        }
      ],
      "confidence": "high",
      "page": 3,
      "tile": null,
      "original_price": null
    },
    {
      "product_name": "Alpenhain Back-Käse",
      "brand": "Alpenhain",
      "variant": null,
      "offer_price": 1.99,
      "price_before": null,
      "uvp": 3.49,
      "unit_price_value": 9.95,
      "unit_price_per": "kg",
      "discount_percent": 42.0,
      "pack_size_text": "200 g",
      "multi_buy_text": null,
      "lidl_plus": false,
      "lidl_plus_only": false,
      "other_badges": [],
      "category": null,
      "action_type": "regular",
      "price_candidates": [
        {
          "value": 1.99,
          "context": "offer",
          "type_hint": "offer"
        },
        {
          "value": 3.49,
          "context": "uvp",
          "type_hint": "uvp"
        },
        {
          "value": 9.95,
          "context": "unit",
          "type_hint": "unit"
        }
      ],
      "confidence": "high",
      "page": 3,
      "tile": null,
      "original_price": null
    },
    {
      "product_name": "Mini Babybel Original",
      "brand": "Babybel",
      "variant": null,
      "offer_price": 3.99,
      "price_before": 7.29,
      "uvp": null,
      "unit_price_value": 13.3,
      "unit_price_per": "kg",
      "discount_percent": 45.0,
      "pack_size_text": "300 g",
      "multi_buy_text": null,
      "lidl_plus": false,
      "lidl_plus_only": false,
      "other_badges": [],
      "category": null,
      "action_type": "regular",
      "price_candidates": [
        {
          "value": 3.99,
          "context": "offer",
          "type_hint": "offer"
        },
        {
          "value": 7.29,
          "context": "before",
          "type_hint": "before"
        },
        {
          "value": 13.3,
          "context": "unit",
          "type_hint": "unit"
        }
      ],
      "confidence": "high",
      "page": 3,
      "tile": null,
      "original_price": null
    },
    {
      "product_name": "Ferdl Fuchs Mini Würstchen XXL",
      "brand": "Ferdl Fuchs",
      "variant": null,
      "offer_price": 2.19,
      "price_before": null,
      "uvp": null,
      "unit_price_value": 8.76,
      "unit_price_per": "kg",
      "discount_percent": 48.0,
      "pack_size_text": "100 g",
      "multi_buy_text": null,
      "lidl_plus": false,
      "lidl_plus_only": false,
      "other_badges": [],
      "category": null,
      "action_type": "regular",
      "price_candidates": [
        {
          "value": 2.19,
          "context": "offer",
          "type_hint": "offer"
        },
        {
          "value": 8.76,
          "context": "unit",
          "type_hint": "unit"
        }
      ],
      "confidence": "high",
      "page": 3,
      "tile": null,
      "original_price": null
    },
    {
      "product_name": "Appel Zarte Filets vom Hering",
      "brand": "Appel",
      "variant": null,
      "offer_price": 1.11,
      "price_before": null,
      "uvp": null,
      "unit_price_value": 5.55,
      "unit_price_per": "kg",
      "discount_percent": null,
      "pack_size_text": "200 g",
      "multi_buy_text": null,
      "lidl_plus": false,
      "lidl_plus_only": false,
      "other_badges": [],
      "category": null,
      "action_type": "regular",
      "price_candidates": [
        {
          "value": 1.11,
          "context": "offer",
          "type_hint": "offer"
        },
        {
          "value": 5.55,
          "context": "unit",
          "type_hint": "unit"
        }
      ],
      "confidence": "high",
      "page": 3,
      "tile": null,
      "original_price": null
    },
    {
      "product_name": "Milbona Haltbare Vollmilch",
      "brand": "Milbona",
      "variant": null,
      "offer_price": 9.5,
      "price_before": 11.4,
      "uvp": null,
      "unit_price_value": 0.8,
      "unit_price_per": "l",
      "discount_percent": 16.0,
      "pack_size_text": "12 x 1 l",
      "multi_buy_text": "10+2 gratis",
      "lidl_plus": false,
      "lidl_plus_only": false,
      "other_badges": [],
      "category": null,
      "action_type": "multi_buy",
      "price_candidates": [
        {
          "value": 9.5,
          "context": "offer",
          "type_hint": "offer"
        },
        {
          "value": 11.4,
          "context": "before",
          "type_hint": "before"
        },
        {
          "value": 0.8,
          "context": "unit",
          "type_hint": "unit"
        }
      ],
      "confidence": "high",
      "page": 3,
      "tile": null,
      "original_price": null
    },
    {
      "product_name": "Rama",
      "brand": null,
      "variant": "100% Pflanzlich",
      "offer_price": 1.29,
      "price_before": 2.19,
      "uvp": null,
      "unit_price_value": 3.23,
      "unit_price_per": "kg",
      "discount_percent": 41.0,
      "pack_size_text": "400 g",
      "multi_buy_text": null,
      "lidl_plus": true,
      "lidl_plus_only": false,
      "other_badges": [],
      "category": null,
      "action_type": "lidl_plus",
      "price_candidates": [
        {
          "value": 1.29,
          "context": "offer",
          "type_hint": "offer"
        },
        {
          "value": 2.19,
          "context": "before",
          "type_hint": "before"
        },
        {
          "value": 3.23,
          "context": "unit",
          "type_hint": "unit"
        },
        {
          "value": 5.48,
          "context": "unit",
          "type_hint": "unit"
        }
      ],
      "confidence": "high",
      "page": 3,
      "tile": null,
      "original_price": null
    },
    {
      "product_name": "Barilla Pesto",
      "brand": "Barilla",
      "variant": null,
      "offer_price": 1.99,
      "price_before": 3.49,
      "uvp": null,
      "unit_price_value": 9.55,
      "unit_price_per": "kg",
      "discount_percent": 42.0,
      "pack_size_text": "200/190/195 g",
      "multi_buy_text": null,
      "lidl_plus": false,
      "lidl_plus_only": false,
      "other_badges": [],
      "category": null,
      "action_type": "regular",
      "price_candidates": [
        {
          "value": 1.99,
          "context": "offer",
          "type_hint": "offer"
        },
        {
          "value": 3.49,
          "context": "before",
          "type_hint": "before"
        },
        {
          "value": 9.55,
          "context": "unit",
          "type_hint": "unit"
        },
        {
          "value": 10.47,
          "context": "unit",
          "type_hint": "unit"
        },
        {
          "value": 10.21,
          "context": "unit",
          "type_hint": "unit"
        }
      ],
      "confidence": "high",
      "page": 3,
      "tile": null,
      "original_price": null
    },
    {
      "product_name": "Kinder Bueno",
      "brand": "Kinder",
      "variant": null,
      "offer_price": 2.29,
      "price_before": 3.29,
      "uvp": null,
      "unit_price_value": 17.75,
      "unit_price_per": "kg",
      "discount_percent": 30.0,
      "pack_size_text": "6 Stück",
      "multi_buy_text": null,
      "lidl_plus": false,
      "lidl_plus_only": false,
      "other_badges": [],
      "category": null,
      "action_type": "regular",
      "price_candidates": [
        {
          "value": 2.29,
          "context": "offer",
          "type_hint": "offer"
        },
        {
          "value": 3.29,
          "context": "before",
          "type_hint": "before"
        },
        {
          "value": 17.75,
          "context": "unit",
          "type_hint": "unit"
        },
        {
          "value": 19.57,
          "context": "unit",
          "type_hint": "unit"
        }
      ],
      "confidence": "high",
      "page": 3,
      "tile": null,
      "original_price": null
    },
    {
      "product_name": "Skinny Crunch light",
      "brand": null,
      "variant": null,
      "offer_price": 0.99,
      "price_before": null,
      "uvp": 1.49,
      "unit_price_value": 9.9,
      "unit_price_per": "kg",
      "discount_percent": 33.0,
      "pack_size_text": "100/95 g",
      "multi_buy_text": null,
      "lidl_plus": false,
      "lidl_plus_only": false,
      "other_badges": [],
      "category": null,
      "action_type": "regular",
      "price_candidates": [
        {
          "value": 0.99,
          "context": "offer",
          "type_hint": "offer"
        },
        {
          "value": 1.49,
          "context": "uvp",
          "type_hint": "uvp"
        },
        {
          "value": 9.9,
          "context": "unit",
          "type_hint": "unit"
        },
        {
          "value": 10.42,
          "context": "unit",
          "type_hint": "unit"
        }
      ],
      "confidence": "high",
      "page": 3,
      "tile": null,
      "original_price": null
    },
    {
      "product_name": "Lay's Chips",
      "brand": "Lay's",
      "variant": null,
      "offer_price": 1.19,
      "price_before": 1.99,
      "uvp": null,
      "unit_price_value": 7.93,
      "unit_price_per": "kg",
      "discount_percent": 40.0,
      "pack_size_text": "150/110 g",
      "multi_buy_text": null,
      "lidl_plus": false,
      "lidl_plus_only": false,
      "other_badges": [],
      "category": null,
      "action_type": "regular",
      "price_candidates": [
        {
          "value": 1.19,
          "context": "offer",
          "type_hint": "offer"
        },
        {
          "value": 1.99,
          "context": "before",
          "type_hint": "before"
        },
        {
          "value": 7.93,
          "context": "unit",
          "type_hint": "unit"
        },
        {
          "value": 10.82,
          "context": "unit",
          "type_hint": "unit"
        }
      ],
      "confidence": "high",
      "page": 3,
      "tile": null,
      "original_price": null
    },
    {
      "product_name": "Kinder Duo",
      "brand": "Kinder",
      "variant": null,
      "offer_price": 2.29,
      "price_before": 2.89,
      "uvp": null,
      "unit_price_value": 15.27,
      "unit_price_per": "kg",
      "discount_percent": 20.0,
      "pack_size_text": "12 Stück",
      "multi_buy_text": null,
      "lidl_plus": false,
      "lidl_plus_only": false,
      "other_badges": [],
      "category": null,
      "action_type": "regular",
      "price_candidates": [
        {
          "value": 2.29,
          "context": "offer",
          "type_hint": "offer"
        },
        {
          "value": 2.89,
          "context": "before",
          "type_hint": "before"
        },
        {
          "value": 15.27,
          "context": "unit",
          "type_hint": "unit"
        },
        {
          "value": 19.57,
          "context": "unit",
          "type_hint": "unit"
        }
      ],
      "confidence": "high",
      "page": 3,
      "tile": null,
      "original_price": null
    },
    {
      "product_name": "Granini Hohes C",
      "brand": "Granini",
      "variant": null,
      "offer_price": 1.79,
      "price_before": 2.89,
      "uvp": null,
      "unit_price_value": 3.58,
      "unit_price_per": "l",
      "discount_percent": 38.0,
      "pack_size_text": "1 l",
      "multi_buy_text": null,
      "lidl_plus": false,
      "lidl_plus_only": false,
      "other_badges": [],
      "category": null,
      "action_type": "regular",
      "price_candidates": [
        {
          "value": 1.79,
          "context": "offer",
          "type_hint": "offer"
        },
        {
          "value": 2.89,
          "context": "before",
          "type_hint": "before"
        },
        {
          "value": 3.58,
          "context": "unit",
          "type_hint": "unit"
        },
        {
          "value": 3.7,
          "context": "unit",
          "type_hint": "unit"
        }
      ],
      "confidence": "high",
      "page": 3,
      "tile": null,
      "original_price": null
    },
    {
      "product_name": "Coca-Cola/Fanta/Mezzo Mix/Sprite",
      "brand": null,
      "variant": null,
      "offer_price": 1.19,
      "price_before": 1.59,
      "uvp": null,
      "unit_price_value": 0.95,
      "unit_price_per": "l",
      "discount_percent": 25.0,
      "pack_size_text": "1,25 Liter",
      "multi_buy_text": null,
      "lidl_plus": false,
      "lidl_plus_only": false,
      "other_badges": [],
      "category": null,
      "action_type": "regular",
      "price_candidates": [
        {
          "value": 1.19,
          "context": "offer",
          "type_hint": "offer"
        },
        {
          "value": 1.59,
          "context": "before",
          "type_hint": "before"
        },
        {
          "value": 0.95,
          "context": "unit",
          "type_hint": "unit"
        }
      ],
      "confidence": "high",
      "page": 3,
      "tile": null,
      "original_price": null
    },
    {
      "product_name": "Bushmills The Original Irish Whiskey",
      "brand": "Bushmills",
      "variant": null,
      "offer_price": 14.99,
      "price_before": 18.99,
      "uvp": null,
      "unit_price_value": 21.41,
      "unit_price_per": "l",
      "discount_percent": 21.0,
      "pack_size_text": "0,7 l",
      "multi_buy_text": "+1 Glas gratis",
      "lidl_plus": false,
      "lidl_plus_only": false,
      "other_badges": [],
      "category": "alcohol",
      "action_type": "restricted",
      "price_candidates": [
        {
          "value": 14.99,
          "context": "offer",
          "type_hint": "offer"
        },
        {
          "value": 18.99,
          "context": "before",
          "type_hint": "before"
        },
        {
          "value": 21.41,
          "context": "unit",
          "type_hint": "unit"
        }
      ],
      "confidence": "high",
      "page": 3,
      "tile": null,
      "original_price": null
    },
    {
      "product_name": "Red Bull Energy Drink",
      "brand": "Red Bull",
      "variant": null,
      "offer_price": 22.22,
      "price_before": 35.76,
      "uvp": null,
      "unit_price_value": 3.7,
      "unit_price_per": "l",
      "discount_percent": 37.0,
      "pack_size_text": "24er-Pack",
      "multi_buy_text": null,
      "lidl_plus": false,
      "lidl_plus_only": false,
      "other_badges": [],
      "category": null,
      "action_type": "regular",
      "price_candidates": [
        {
          "value": 22.22,
          "context": "offer",
          "type_hint": "offer"
        },
        {
          "value": 35.76,
          "context": "before",
          "type_hint": "before"
        },
        {
          "value": 3.7,
          "context": "unit",
          "type_hint": "unit"
        }
      ],
      "confidence": "high",
      "page": 3,
      "tile": null,
      "original_price": null
    },
    {
      "product_name": "Ritter Sport Bunte Vielfalt",
      "brand": "Ritter Sport",
      "variant": null,
      "offer_price": 1.29,
      "price_before": 1.99,
      "uvp": null,
      "unit_price_value": 12.9,
      "unit_price_per": "kg",
      "discount_percent": 35.0,
      "pack_size_text": "100 g",
      "multi_buy_text": null,
      "lidl_plus": true,
      "lidl_plus_only": false,
      "other_badges": [],
      "category": null,
      "action_type": "lidl_plus",
      "price_candidates": [
        {
          "value": 1.29,
          "context": "offer",
          "type_hint": "offer"
        },
        {
          "value": 1.99,
          "context": "before",
          "type_hint": "before"
        },
        {
          "value": 12.9,
          "context": "unit",
          "type_hint": "unit"
        },
        {
          "value": 19.9,
          "context": "unit",
          "type_hint": "unit"
        }
      ],
      "confidence": "high",
      "page": 3,
      "tile": null,
      "original_price": null
    },
    {
      "product_name": "Maltesers",
      "brand": null,
      "variant": null,
      "offer_price": 2.29,
      "price_before": 4.39,
      "uvp": null,
      "unit_price_value": 13.09,
      "unit_price_per": "kg",
      "discount_percent": 47.0,
      "pack_size_text": "75 g",
      "multi_buy_text": null,
      "lidl_plus": false,
      "lidl_plus_only": false,
      "other_badges": [
        "Im Aufsteller"
      ],
      "category": null,
      "action_type": "regular",
      "price_candidates": [
        {
          "value": 2.29,
          "context": "offer",
          "type_hint": "offer"
        },
        {
          "value": 4.39,
          "context": "before",
          "type_hint": "before"
        },
        {
          "value": 13.09,
          "context": "unit",
          "type_hint": "unit"
        }
      ],
      "confidence": "high",
      "page": 3,
      "tile": null,
      "original_price": null
    },
    {
      "product_name": "Kerrygold Original Irischer Käse XXL",
      "brand": "Kerrygold",
      "variant": null,
      "offer_price": 2.79,
      "price_before": null,
      "uvp": 2.99,
      "unit_price_value": 12.13,
      "unit_price_per": "kg",
      "discount_percent": null,
      "pack_size_text": "230 g",
      "multi_buy_text": null,
      "lidl_plus": false,
      "lidl_plus_only": false,
      "other_badges": [],
      "category": null,
      "action_type": "regular",
      "price_candidates": [
        {
          "value": 2.79,
          "context": "offer",
          "type_hint": "offer"
        },
        {
          "value": 2.99,
          "context": "UVP",
          "type_hint": "uvp"
        },
        {
          "value": 12.13,
          "context": "1 kg =",
          "type_hint": "unit"
        }
      ],
      "confidence": "high",
      "page": 5,
      "tile": null,
      "original_price": null
    },
    {
      "product_name": "Popp Brot-Aufstrich",
      "brand": "Popp",
      "variant": null,
      "offer_price": 1.79,
      "price_before": 2.19,
      "uvp": null,
      "unit_price_value": 7.16,
      "unit_price_per": "kg",
      "discount_percent": 18.0,
      "pack_size_text": "250 g",
      "multi_buy_text": null,
      "lidl_plus": false,
      "lidl_plus_only": false,
      "other_badges": [],
      "category": null,
      "action_type": "regular",
      "price_candidates": [
        {
          "value": 1.79,
          "context": "offer",
          "type_hint": "offer"
        },
        {
          "value": 2.19,
          "context": "war",
          "type_hint": "before"
        },
        {
          "value": 7.16,
          "context": "1 kg =",
          "type_hint": "unit"
        }
      ],
      "confidence": "high",
      "page": 5,
      "tile": null,
      "original_price": null
    },
    {
      "product_name": "Nutella",
      "brand": "Nutella",
      "variant": null,
      "offer_price": 6.89,
      "price_before": null,
      "uvp": null,
      "unit_price_value": null,
      "unit_price_per": null,
      "discount_percent": 18.0,
      "pack_size_text": "1 kg",
      "multi_buy_text": null,
      "lidl_plus": false,
      "lidl_plus_only": false,
      "other_badges": [],
      "category": null,
      "action_type": "regular",
      "price_candidates": [
        {
          "value": 6.89,
          "context": "offer",
          "type_hint": "offer"
        }
      ],
      "confidence": "high",
      "page": 5,
      "tile": null,
      "original_price": null
    },
    {
      "product_name": "Colgate Max White/Max Fresh Zahnpasta",
      "brand": "Colgate",
      "variant": null,
      "offer_price": 4.39,
      "price_before": null,
      "uvp": 7.29,
      "unit_price_value": 19.51,
      "unit_price_per": "l",
      "discount_percent": 39.0,
      "pack_size_text": "3 x 75 ml",
      "multi_buy_text": null,
      "lidl_plus": false,
      "lidl_plus_only": false,
      "other_badges": [
        "Im Aufsteller"
      ],
      "category": null,
      "action_type": "regular",
      "price_candidates": [
        {
          "value": 4.39,
          "context": "offer",
          "type_hint": "offer"
        },
        {
          "value": 7.29,
          "context": "UVP",
          "type_hint": "uvp"
        },
        {
          "value": 19.51,
          "context": "1 l =",
          "type_hint": "unit"
        }
      ],
      "confidence": "high",
      "page": 5,
      "tile": null,
      "original_price": null
    },
    {
      "product_name": "Floraly's Küchentücher",
      "brand": "Floraly's",
      "variant": "Classic",
      "offer_price": 3.79,
      "price_before": null,
      "uvp": null,
      "unit_price_value": null,
      "unit_price_per": null,
      "discount_percent": null,
      "pack_size_text": "8 Rollen",
      "multi_buy_text": null,
      "lidl_plus": false,
      "lidl_plus_only": false,
      "other_badges": [],
      "category": null,
      "action_type": "regular",
      "price_candidates": [
        {
          "value": 3.79,
          "context": "offer",
          "type_hint": "offer"
        }
      ],
      "confidence": "high",
      "page": 5,
      "tile": null,
      "original_price": null
    },
    {
      "product_name": "Pick Up!",
      "brand": null,
      "variant": null,
      "offer_price": 3.49,
      "price_before": null,
      "uvp": null,
      "unit_price_value": 11.33,
      "unit_price_per": "kg",
      "discount_percent": 58.0,
      "pack_size_text": "140 g",
      "multi_buy_text": null,
      "lidl_plus": false,
      "lidl_plus_only": false,
      "other_badges": [
        "Im Aufsteller"
      ],
      "category": null,
      "action_type": "regular",
      "price_candidates": [
        {
          "value": 3.49,
          "context": "offer",
          "type_hint": "offer"
        },
        {
          "value": 11.33,
          "context": "1 kg =",
          "type_hint": "unit"
        }
      ],
      "confidence": "high",
      "page": 5,
      "tile": null,
      "original_price": null
    },
    {
      "product_name": "Fritt Kaustreifen XXL",
      "brand": "Fritt",
      "variant": null,
      "offer_price": 3.99,
      "price_before": null,
      "uvp": null,
      "unit_price_value": 7.13,
      "unit_price_per": "kg",
      "discount_percent": 43.0,
      "pack_size_text": "560 g",
      "multi_buy_text": null,
      "lidl_plus": false,
      "lidl_plus_only": false,
      "other_badges": [],
      "category": null,
      "action_type": "regular",
      "price_candidates": [
        {
          "value": 3.99,
          "context": "offer",
          "type_hint": "offer"
        },
        {
          "value": 7.13,
          "context": "1 kg =",
          "type_hint": "unit"
        }
      ],
      "confidence": "high",
      "page": 5,
      "tile": null,
      "original_price": null
    },
    {
      "product_name": "WC Frisch Kraft Aktiv",
      "brand": "WC Frisch",
      "variant": null,
      "offer_price": 4.79,
      "price_before": null,
      "uvp": 6.89,
      "unit_price_value": 23.95,
      "unit_price_per": "kg",
      "discount_percent": 30.0,
      "pack_size_text": "4er-Pack",
      "multi_buy_text": null,
      "lidl_plus": false,
      "lidl_plus_only": false,
      "other_badges": [],
      "category": null,
      "action_type": "regular",
      "price_candidates": [
        {
          "value": 4.79,
          "context": "offer",
          "type_hint": "offer"
        },
        {
          "value": 6.89,
          "context": "UVP",
          "type_hint": "uvp"
        },
        {
          "value": 23.95,
          "context": "1 kg =",
          "type_hint": "unit"
        }
      ],
      "confidence": "high",
      "page": 5,
      "tile": null,
      "original_price": null
    },
    {
      "product_name": "Pfanner Eistee",
      "brand": "Pfanner",
      "variant": null,
      "offer_price": 1.29,
      "price_before": null,
      "uvp": 1.99,
      "unit_price_value": 0.65,
      "unit_price_per": "l",
      "discount_percent": 35.0,
      "pack_size_text": "2 Liter",
      "multi_buy_text": null,
      "lidl_plus": false,
      "lidl_plus_only": false,
      "other_badges": [],
      "category": null,
      "action_type": "regular",
      "price_candidates": [
        {
          "value": 1.29,
          "context": "offer",
          "type_hint": "offer"
        },
        {
          "value": 1.99,
          "context": "UVP",
          "type_hint": "uvp"
        },
        {
          "value": 0.65,
          "context": "1 l =",
          "type_hint": "unit"
        }
      ],
      "confidence": "high",
      "page": 5,
      "tile": null,
      "original_price": null
    },
    {
      "product_name": "Heineken Bier",
      "brand": "Heineken",
      "variant": null,
      "offer_price": 8.99,
      "price_before": null,
      "uvp": 13.99,
      "unit_price_value": 2.27,
      "unit_price_per": "l",
      "discount_percent": 35.0,
      "pack_size_text": "5 % vol, 12 x 330 ml",
      "multi_buy_text": null,
      "lidl_plus": false,
      "lidl_plus_only": false,
      "other_badges": [
        "Entspricht 7.5 l"
      ],
      "category": "alcohol",
      "action_type": "restricted",
      "price_candidates": [
        {
          "value": 8.99,
          "context": "offer",
          "type_hint": "offer"
        },
        {
          "value": 13.99,
          "context": "UVP",
          "type_hint": "uvp"
        },
        {
          "value": 2.27,
          "context": "1 l =",
          "type_hint": "unit"
        }
      ],
      "confidence": "high",
      "page": 5,
      "tile": null,
      "original_price": null
    },
    {
      "product_name": "Omo Waschmittel XXXL",
      "brand": "Omo",
      "variant": null,
      "offer_price": 12.99,
      "price_before": null,
      "uvp": 19.99,
      "unit_price_value": 0.76,
      "unit_price_per": "l",
      "discount_percent": 35.0,
      "pack_size_text": "85-100 Waschladungen",
      "multi_buy_text": null,
      "lidl_plus": false,
      "lidl_plus_only": false,
      "other_badges": [],
      "category": null,
      "action_type": "regular",
      "price_candidates": [
        {
          "value": 12.99,
          "context": "offer",
          "type_hint": "offer"
        },
        {
          "value": 19.99,
          "context": "UVP",
          "type_hint": "uvp"
        },
        {
          "value": 0.76,
          "context": "1 WL =",
          "type_hint": "unit"
        }
      ],
      "confidence": "high",
      "page": 5,
      "tile": null,
      "original_price": null
    },
    {
      "product_name": "Parkside® Akku-Schlagbohrschrauber 20 V",
      "brand": "Parkside",
      "variant": "Typ. PSBSA 20-Li E4",
      "offer_price": 19.99,
      "price_before": null,
      "uvp": null,
      "unit_price_value": null,
      "unit_price_per": null,
      "discount_percent": null,
      "pack_size_text": "Je Stück",
      "multi_buy_text": null,
      "lidl_plus": false,
      "lidl_plus_only": false,
      "other_badges": [
        "Tiefpreis Garantie"
      ],
      "category": null,
      "action_type": "regular",
      "price_candidates": [
        {
          "value": 19.99,
          "context": "Je Stück",
          "type_hint": "offer"
        }
      ],
      "confidence": "high",
      "page": 6,
      "tile": null,
      "original_price": null
    },
    {
      "product_name": "Silvercrest® Kitchen Tools Mikrowelle",
      "brand": "Silvercrest",
      "variant": "Typ. SMW 700 D3",
      "offer_price": 39.99,
      "price_before": 49.99,
      "uvp": null,
      "unit_price_value": null,
      "unit_price_per": null,
      "discount_percent": 20.0,
      "pack_size_text": "Je Stück",
      "multi_buy_text": null,
      "lidl_plus": false,
      "lidl_plus_only": false,
      "other_badges": [],
      "category": null,
      "action_type": "regular",
      "price_candidates": [
        {
          "value": 39.99,
          "context": "Je Stück",
          "type_hint": "offer"
        },
        {
          "value": 49.99,
          "context": "Je Stück",
          "type_hint": "before"
        },
        {
          "value": 20.0,
          "context": "-20%",
          "type_hint": "unknown"
        }
      ],
      "confidence": "high",
      "page": 6,
      "tile": null,
      "original_price": null
    },
    {
      "product_name": "NFL T-Shirt",
      "brand": null,
      "variant": null,
      "offer_price": 7.99,
      "price_before": null,
      "uvp": null,
      "unit_price_value": null,
      "unit_price_per": null,
      "discount_percent": null,
      "pack_size_text": "Je Stück",
      "multi_buy_text": null,
      "lidl_plus": false,
      "lidl_plus_only": false,
      "other_badges": [],
      "category": null,
      "action_type": "regular",
      "price_candidates": [
        {
          "value": 7.99,
          "context": "Je Stück",
          "type_hint": "offer"
        }
      ],
      "confidence": "high",
      "page": 6,
      "tile": null,
      "original_price": null
    },
    {
      "product_name": "Wagner Piccolinis",
      "brand": "Wagner",
      "variant": null,
      "offer_price": 4.49,
      "price_before": 6.79,
      "uvp": null,
      "unit_price_value": 6.24,
      "unit_price_per": "kg",
      "discount_percent": 48.0,
      "pack_size_text": "Je 270 g",
      "multi_buy_text": null,
      "lidl_plus": false,
      "lidl_plus_only": false,
      "other_badges": [],
      "category": null,
      "action_type": "regular",
      "price_candidates": [
        {
          "value": 4.49,
          "context": "Je 270 g",
          "type_hint": "offer"
        },
        {
          "value": 6.79,
          "context": "Je 270 g",
          "type_hint": "before"
        },
        {
          "value": 6.24,
          "context": "1 kg = 6.24",
          "type_hint": "unit"
        },
        {
          "value": 48.0,
          "context": "-48%",
          "type_hint": "unknown"
        }
      ],
      "confidence": "high",
      "page": 6,
      "tile": null,
      "original_price": null
    },
    {
      "product_name": "McEnnedy Pulled Pork",
      "brand": "McEnnedy",
      "variant": null,
      "offer_price": 4.99,
      "price_before": null,
      "uvp": null,
      "unit_price_value": 9.07,
      "unit_price_per": "kg",
      "discount_percent": null,
      "pack_size_text": "Je 550 g",
      "multi_buy_text": null,
      "lidl_plus": false,
      "lidl_plus_only": false,
      "other_badges": [],
      "category": null,
      "action_type": "regular",
      "price_candidates": [
        {
          "value": 4.99,
          "context": "Je 550 g",
          "type_hint": "offer"
        },
        {
          "value": 9.07,
          "context": "1 kg = 9.07",
          "type_hint": "unit"
        }
      ],
      "confidence": "high",
      "page": 6,
      "tile": null,
      "original_price": null
    },
    {
      "product_name": "McEnnedy American Style Pancakes",
      "brand": "McEnnedy",
      "variant": null,
      "offer_price": 1.99,
      "price_before": null,
      "uvp": null,
      "unit_price_value": 6.63,
      "unit_price_per": "kg",
      "discount_percent": null,
      "pack_size_text": "Je 300 g",
      "multi_buy_text": null,
      "lidl_plus": false,
      "lidl_plus_only": false,
      "other_badges": [],
      "category": null,
      "action_type": "regular",
      "price_candidates": [
        {
          "value": 1.99,
          "context": "Je 300 g",
          "type_hint": "offer"
        },
        {
          "value": 6.63,
          "context": "1 kg = 6.63",
          "type_hint": "unit"
        }
      ],
      "confidence": "high",
      "page": 6,
      "tile": null,
      "original_price": null
    },
    {
      "product_name": "Metzgerfrisch Frisches Rinder-Hackfleisch light",
      "brand": null,
      "variant": null,
      "offer_price": 5.99,
      "price_before": 6.29,
      "uvp": null,
      "unit_price_value": 14.98,
      "unit_price_per": "kg",
      "discount_percent": null,
      "pack_size_text": "Je 400 g",
      "multi_buy_text": null,
      "lidl_plus": false,
      "lidl_plus_only": false,
      "other_badges": [],
      "category": null,
      "action_type": "regular",
      "price_candidates": [
        {
          "value": 5.99,
          "context": "offer",
          "type_hint": "offer"
        },
        {
          "value": 6.29,
          "context": "before",
          "type_hint": "before"
        },
        {
          "value": 14.98,
          "context": "unit",
          "type_hint": "unit"
        }
      ],
      "confidence": "high",
      "page": 7,
      "tile": null,
      "original_price": null
    },
    {
      "product_name": "Metzgerfrisch Rinder-Minutensteaks",
      "brand": null,
      "variant": null,
      "offer_price": 5.99,
      "price_before": 6.29,
      "uvp": null,
      "unit_price_value": 18.72,
      "unit_price_per": "kg",
      "discount_percent": null,
      "pack_size_text": "Je 320 g",
      "multi_buy_text": null,
      "lidl_plus": false,
      "lidl_plus_only": false,
      "other_badges": [],
      "category": null,
      "action_type": "regular",
      "price_candidates": [
        {
          "value": 5.99,
          "context": "offer",
          "type_hint": "offer"
        },
        {
          "value": 6.29,
          "context": "before",
          "type_hint": "before"
        },
        {
          "value": 18.72,
          "context": "unit",
          "type_hint": "unit"
        }
      ],
      "confidence": "high",
      "page": 7,
      "tile": null,
      "original_price": null
    },
    {
      "product_name": "Metzgerfrisch Rinder-Hackfleisch",
      "brand": null,
      "variant": null,
      "offer_price": 6.19,
      "price_before": 6.49,
      "uvp": null,
      "unit_price_value": 12.38,
      "unit_price_per": "kg",
      "discount_percent": null,
      "pack_size_text": "Je 500 g",
      "multi_buy_text": null,
      "lidl_plus": false,
      "lidl_plus_only": false,
      "other_badges": [],
      "category": null,
      "action_type": "regular",
      "price_candidates": [
        {
          "value": 6.19,
          "context": "offer",
          "type_hint": "offer"
        },
        {
          "value": 6.49,
          "context": "before",
          "type_hint": "before"
        },
        {
          "value": 12.38,
          "context": "unit",
          "type_hint": "unit"
        }
      ],
      "confidence": "high",
      "page": 7,
      "tile": null,
      "original_price": null
    },
    {
      "product_name": "Metzgerfrisch Entrecote",
      "brand": null,
      "variant": null,
      "offer_price": 7.0,
      "price_before": 7.13,
      "uvp": null,
      "unit_price_value": 27.99,
      "unit_price_per": "kg",
      "discount_percent": null,
      "pack_size_text": "Ca. 250 g",
      "multi_buy_text": null,
      "lidl_plus": false,
      "lidl_plus_only": false,
      "other_badges": [],
      "category": null,
      "action_type": "regular",
      "price_candidates": [
        {
          "value": 7.0,
          "context": "offer",
          "type_hint": "offer"
        },
        {
          "value": 7.13,
          "context": "before",
          "type_hint": "before"
        },
        {
          "value": 27.99,
          "context": "unit",
          "type_hint": "unit"
        }
      ],
      "confidence": "high",
      "page": 7,
      "tile": null,
      "original_price": null
    },
    {
      "product_name": "Metzgerfrisch Rumpsteak vom deutschen Jungbullen",
      "brand": null,
      "variant": null,
      "offer_price": 6.75,
      "price_before": 6.88,
      "uvp": null,
      "unit_price_value": 26.99,
      "unit_price_per": "kg",
      "discount_percent": null,
      "pack_size_text": "Ca. 250 g",
      "multi_buy_text": null,
      "lidl_plus": false,
      "lidl_plus_only": false,
      "other_badges": [],
      "category": null,
      "action_type": "regular",
      "price_candidates": [
        {
          "value": 6.75,
          "context": "offer",
          "type_hint": "offer"
        },
        {
          "value": 6.88,
          "context": "before",
          "type_hint": "before"
        },
        {
          "value": 26.99,
          "context": "unit",
          "type_hint": "unit"
        }
      ],
      "confidence": "high",
      "page": 7,
      "tile": null,
      "original_price": null
    },
    {
      "product_name": "Metzgerfrisch Frisches Rinder-Hackfleisch",
      "brand": null,
      "variant": null,
      "offer_price": 9.49,
      "price_before": 9.99,
      "uvp": null,
      "unit_price_value": 11.86,
      "unit_price_per": "kg",
      "discount_percent": null,
      "pack_size_text": "Je 800 g",
      "multi_buy_text": null,
      "lidl_plus": false,
      "lidl_plus_only": false,
      "other_badges": [
        "XXL"
      ],
      "category": null,
      "action_type": "regular",
      "price_candidates": [
        {
          "value": 9.49,
          "context": "offer",
          "type_hint": "offer"
        },
        {
          "value": 9.99,
          "context": "before",
          "type_hint": "before"
        },
        {
          "value": 11.86,
          "context": "unit",
          "type_hint": "unit"
        }
      ],
      "confidence": "high",
      "page": 7,
      "tile": null,
      "original_price": null
    },
    {
      "product_name": "Lupilu Soft & Dry Pants Premium",
      "brand": "Lupilu",
      "variant": null,
      "offer_price": null,
      "price_before": null,
      "uvp": null,
      "unit_price_value": null,
      "unit_price_per": null,
      "discount_percent": null,
      "pack_size_text": "36 Stück",
      "multi_buy_text": null,
      "lidl_plus": true,
      "lidl_plus_only": false,
      "other_badges": [],
      "category": null,
      "action_type": "lidl_plus",
      "price_candidates": [],
      "confidence": "low",
      "page": 8,
      "tile": null,
      "original_price": null
    },
    {
      "product_name": "Lupilu Premium Windeln",
      "brand": "Lupilu",
      "variant": null,
      "offer_price": null,
      "price_before": null,
      "uvp": null,
      "unit_price_value": null,
      "unit_price_per": null,
      "discount_percent": null,
      "pack_size_text": "2 Stück",
      "multi_buy_text": null,
      "lidl_plus": true,
      "lidl_plus_only": false,
      "other_badges": [],
      "category": null,
      "action_type": "lidl_plus",
      "price_candidates": [],
      "confidence": "low",
      "page": 8,
      "tile": null,
      "original_price": null
    },
    {
      "product_name": "Lupilu Soft & Dry Pants",
      "brand": "Lupilu",
      "variant": null,
      "offer_price": null,
      "price_before": null,
      "uvp": null,
      "unit_price_value": null,
      "unit_price_per": null,
      "discount_percent": null,
      "pack_size_text": "5 Stück",
      "multi_buy_text": null,
      "lidl_plus": true,
      "lidl_plus_only": false,
      "other_badges": [],
      "category": null,
      "action_type": "lidl_plus",
      "price_candidates": [],
      "confidence": "low",
      "page": 8,
      "tile": null,
      "original_price": null
    },
    {
      "product_name": "Birnen, lose",
      "brand": null,
      "variant": "Sorte: Conference",
      "offer_price": null,
      "price_before": null,
      "uvp": null,
      "unit_price_value": 1.49,
      "unit_price_per": "kg",
      "discount_percent": null,
      "pack_size_text": null,
      "multi_buy_text": null,
      "lidl_plus": false,
      "lidl_plus_only": false,
      "other_badges": [
        "große Früchte",
        "Deutschlands günstigster Preis"
      ],
      "category": null,
      "action_type": "regular",
      "price_candidates": [
        {
          "value": 1.49,
          "context": "kg-Preis",
          "type_hint": "offer"
        }
      ],
      "confidence": "high",
      "page": 9,
      "tile": null,
      "original_price": null
    },
    {
      "product_name": "Rote Äpfel",
      "brand": null,
      "variant": "süß-säuerlich",
      "offer_price": null,
      "price_before": null,
      "uvp": null,
      "unit_price_value": 1.29,
      "unit_price_per": "kg",
      "discount_percent": null,
      "pack_size_text": "1 kg",
      "multi_buy_text": null,
      "lidl_plus": false,
      "lidl_plus_only": false,
      "other_badges": [],
      "category": null,
      "action_type": "regular",
      "price_candidates": [
        {
          "value": 1.29,
          "context": "1 kg",
          "type_hint": "offer"
        }
      ],
      "confidence": "high",
      "page": 9,
      "tile": null,
      "original_price": null
    },
    {
      "product_name": "Kiwi",
      "brand": null,
      "variant": null,
      "offer_price": null,
      "price_before": 2.99,
      "uvp": null,
      "unit_price_value": 2.49,
      "unit_price_per": "kg",
      "discount_percent": 16.0,
      "pack_size_text": "1 kg",
      "multi_buy_text": null,
      "lidl_plus": false,
      "lidl_plus_only": false,
      "other_badges": [],
      "category": null,
      "action_type": "regular",
      "price_candidates": [
        {
          "value": 2.49,
          "context": "1 kg",
          "type_hint": "offer"
        },
        {
          "value": 2.99,
          "context": "statt",
          "type_hint": "before"
        }
      ],
      "confidence": "high",
      "page": 9,
      "tile": null,
      "original_price": null
    },
    {
      "product_name": "Helle, kernlose Trauben",
      "brand": null,
      "variant": null,
      "offer_price": 1.69,
      "price_before": null,
      "uvp": null,
      "unit_price_value": 3.38,
      "unit_price_per": "kg",
      "discount_percent": null,
      "pack_size_text": "500 g",
      "multi_buy_text": null,
      "lidl_plus": false,
      "lidl_plus_only": false,
      "other_badges": [],
      "category": null,
      "action_type": "regular",
      "price_candidates": [
        {
          "value": 1.69,
          "context": "500 g",
          "type_hint": "offer"
        },
        {
          "value": 3.38,
          "context": "1 kg =",
          "type_hint": "unit"
        }
      ],
      "confidence": "high",
      "page": 9,
      "tile": null,
      "original_price": null
    },
    {
      "product_name": "Mandarinen/Clementinen",
      "brand": null,
      "variant": null,
      "offer_price": null,
      "price_before": null,
      "uvp": null,
      "unit_price_value": 1.79,
      "unit_price_per": "kg",
      "discount_percent": null,
      "pack_size_text": "1-kg-Netz",
      "multi_buy_text": null,
      "lidl_plus": false,
      "lidl_plus_only": false,
      "other_badges": [],
      "category": null,
      "action_type": "regular",
      "price_candidates": [
        {
          "value": 1.79,
          "context": "1-kg-Netz",
          "type_hint": "offer"
        }
      ],
      "confidence": "high",
      "page": 9,
      "tile": null,
      "original_price": null
    },
    {
      "product_name": "Staudensellerie, lose",
      "brand": null,
      "variant": null,
      "offer_price": 0.99,
      "price_before": null,
      "uvp": null,
      "unit_price_value": null,
      "unit_price_per": null,
      "discount_percent": null,
      "pack_size_text": null,
      "multi_buy_text": null,
      "lidl_plus": false,
      "lidl_plus_only": false,
      "other_badges": [
        "AKTION"
      ],
      "category": null,
      "action_type": "regular",
      "price_candidates": [
        {
          "value": 0.99,
          "context": "AKTION",
          "type_hint": "offer"
        }
      ],
      "confidence": "high",
      "page": 9,
      "tile": null,
      "original_price": null
    },
    {
      "product_name": "Cherrystrauchtomaten, lose",
      "brand": null,
      "variant": null,
      "offer_price": 0.99,
      "price_before": 1.49,
      "uvp": null,
      "unit_price_value": null,
      "unit_price_per": null,
      "discount_percent": 33.0,
      "pack_size_text": null,
      "multi_buy_text": null,
      "lidl_plus": true,
      "lidl_plus_only": false,
      "other_badges": [],
      "category": null,
      "action_type": "lidl_plus",
      "price_candidates": [
        {
          "value": 0.99,
          "context": "Mit Lidl Plus",
          "type_hint": "offer"
        },
        {
          "value": 1.49,
          "context": "statt",
          "type_hint": "before"
        },
        {
          "value": 33.0,
          "context": "-33%",
          "type_hint": "unknown"
        }
      ],
      "confidence": "high",
      "page": 10,
      "tile": null,
      "original_price": null
    },
    {
      "product_name": "Bio Möhren",
      "brand": null,
      "variant": null,
      "offer_price": 1.19,
      "price_before": 1.59,
      "uvp": null,
      "unit_price_value": null,
      "unit_price_per": null,
      "discount_percent": 25.0,
      "pack_size_text": "1 kg",
      "multi_buy_text": null,
      "lidl_plus": true,
      "lidl_plus_only": false,
      "other_badges": [
        "Bio"
      ],
      "category": null,
      "action_type": "lidl_plus",
      "price_candidates": [
        {
          "value": 1.19,
          "context": "Mit Lidl Plus",
          "type_hint": "offer"
        },
        {
          "value": 1.59,
          "context": "statt",
          "type_hint": "before"
        },
        {
          "value": 25.0,
          "context": "-25%",
          "type_hint": "unknown"
        }
      ],
      "confidence": "high",
      "page": 10,
      "tile": null,
      "original_price": null
    },
    {
      "product_name": "Rauch Drehtürenschrank",
      "brand": "Rauch",
      "variant": "Modell „Alabama“ Premium",
      "offer_price": 479.0,
      "price_before": null,
      "uvp": 1179.0,
      "unit_price_value": null,
      "unit_price_per": null,
      "discount_percent": 59.0,
      "pack_size_text": null,
      "multi_buy_text": null,
      "lidl_plus": false,
      "lidl_plus_only": false,
      "other_badges": [
        "Nur online"
      ],
      "category": null,
      "action_type": "regular",
      "price_candidates": [
        {
          "value": 479.0,
          "context": "Angebotspreis",
          "type_hint": "offer"
        },
        {
          "value": 1179.0,
          "context": "UVP",
          "type_hint": "uvp"
        },
        {
          "value": 59.0,
          "context": "Rabatt",
          "type_hint": "unknown"
        }
      ],
      "confidence": "high",
      "page": 11,
      "tile": null,
      "original_price": null
    },
    {
      "product_name": "Livarno Gel­schaum-Matratzen­topper",
      "brand": "Livarno",
      "variant": null,
      "offer_price": 49.99,
      "price_before": 79.99,
      "uvp": null,
      "unit_price_value": null,
      "unit_price_per": null,
      "discount_percent": 37.0,
      "pack_size_text": "ca. 90 x 200 cm",
      "multi_buy_text": null,
      "lidl_plus": false,
      "lidl_plus_only": false,
      "other_badges": [
        "Nur online"
      ],
      "category": null,
      "action_type": "regular",
      "price_candidates": [
        {
          "value": 49.99,
          "context": "Angebotspreis",
          "type_hint": "offer"
        },
        {
          "value": 79.99,
          "context": "Vorher",
          "type_hint": "before"
        },
        {
          "value": 37.0,
          "context": "Rabatt",
          "type_hint": "unknown"
        }
      ],
      "confidence": "high",
      "page": 11,
      "tile": null,
      "original_price": null
    },
    {
      "product_name": "Livarno Blackout-Vorhangschal-Set, 2-teilig",
      "brand": "Livarno",
      "variant": null,
      "offer_price": 19.99,
      "price_before": null,
      "uvp": null,
      "unit_price_value": null,
      "unit_price_per": null,
      "discount_percent": null,
      "pack_size_text": "ca. 135 x 254 cm",
      "multi_buy_text": null,
      "lidl_plus": false,
      "lidl_plus_only": false,
      "other_badges": [
        "Nur online",
        "2-teilig"
      ],
      "category": null,
      "action_type": "regular",
      "price_candidates": [
        {
          "value": 19.99,
          "context": "Angebotspreis",
          "type_hint": "offer"
        }
      ],
      "confidence": "high",
      "page": 11,
      "tile": null,
      "original_price": null
    },
    {
      "product_name": "Dunlopillo Premium-Kopfkissen",
      "brand": "Dunlopillo",
      "variant": null,
      "offer_price": 24.99,
      "price_before": null,
      "uvp": 64.99,
      "unit_price_value": null,
      "unit_price_per": null,
      "discount_percent": 61.0,
      "pack_size_text": "ca. 80 x 80 cm",
      "multi_buy_text": null,
      "lidl_plus": false,
      "lidl_plus_only": false,
      "other_badges": [
        "Nur online"
      ],
      "category": null,
      "action_type": "regular",
      "price_candidates": [
        {
          "value": 24.99,
          "context": "offer",
          "type_hint": "offer"
        },
        {
          "value": 64.99,
          "context": "UVP",
          "type_hint": "uvp"
        },
        {
          "value": 61.0,
          "context": "Rabatt",
          "type_hint": "unknown"
        }
      ],
      "confidence": "high",
      "page": 12,
      "tile": null,
      "original_price": null
    },
    {
      "product_name": "Dunlopillo Winter-Bettdecke",
      "brand": "Dunlopillo",
      "variant": null,
      "offer_price": 42.99,
      "price_before": null,
      "uvp": 149.99,
      "unit_price_value": null,
      "unit_price_per": null,
      "discount_percent": 71.0,
      "pack_size_text": "ca. 135 x 200 cm",
      "multi_buy_text": null,
      "lidl_plus": false,
      "lidl_plus_only": false,
      "other_badges": [
        "Nur online"
      ],
      "category": null,
      "action_type": "regular",
      "price_candidates": [
        {
          "value": 42.99,
          "context": "offer",
          "type_hint": "offer"
        },
        {
          "value": 149.99,
          "context": "UVP",
          "type_hint": "uvp"
        },
        {
          "value": 71.0,
          "context": "Rabatt",
          "type_hint": "unknown"
        }
      ],
      "confidence": "high",
      "page": 12,
      "tile": null,
      "original_price": null
    },
    {
      "product_name": "Dunlopillo Ganzjahres-Bettdecke",
      "brand": "Dunlopillo",
      "variant": null,
      "offer_price": 39.99,
      "price_before": null,
      "uvp": 129.99,
      "unit_price_value": null,
      "unit_price_per": null,
      "discount_percent": 69.0,
      "pack_size_text": "ca. 135 x 200 cm",
      "multi_buy_text": null,
      "lidl_plus": false,
      "lidl_plus_only": false,
      "other_badges": [
        "Nur online"
      ],
      "category": null,
      "action_type": "regular",
      "price_candidates": [
        {
          "value": 39.99,
          "context": "offer",
          "type_hint": "offer"
        },
        {
          "value": 129.99,
          "context": "UVP",
          "type_hint": "uvp"
        },
        {
          "value": 69.0,
          "context": "Rabatt",
          "type_hint": "unknown"
        }
      ],
      "confidence": "high",
      "page": 12,
      "tile": null,
      "original_price": null
    },
    {
      "product_name": "Dunlopillo 4-Jahreszeiten-Bettdecke",
      "brand": "Dunlopillo",
      "variant": null,
      "offer_price": 64.99,
      "price_before": null,
      "uvp": 229.99,
      "unit_price_value": null,
      "unit_price_per": null,
      "discount_percent": 71.0,
      "pack_size_text": "ca. 135 x 200 cm",
      "multi_buy_text": null,
      "lidl_plus": false,
      "lidl_plus_only": false,
      "other_badges": [
        "Nur online"
      ],
      "category": null,
      "action_type": "regular",
      "price_candidates": [
        {
          "value": 64.99,
          "context": "offer",
          "type_hint": "offer"
        },
        {
          "value": 229.99,
          "context": "UVP",
          "type_hint": "uvp"
        },
        {
          "value": 71.0,
          "context": "Rabatt",
          "type_hint": "unknown"
        }
      ],
      "confidence": "high",
      "page": 12,
      "tile": null,
      "original_price": null
    },
    {
      "product_name": "Hn8 Visco-Matratze",
      "brand": "Hn8",
      "variant": "Modell „Cozy Sleep“",
      "offer_price": 139.0,
      "price_before": null,
      "uvp": null,
      "unit_price_value": null,
      "unit_price_per": null,
      "discount_percent": null,
      "pack_size_text": "ca. 90 x 200 cm",
      "multi_buy_text": null,
      "lidl_plus": false,
      "lidl_plus_only": false,
      "other_badges": [
        "Nur online"
      ],
      "category": null,
      "action_type": "regular",
      "price_candidates": [
        {
          "value": 139.0,
          "context": "offer",
          "type_hint": "offer"
        }
      ],
      "confidence": "high",
      "page": 12,
      "tile": null,
      "original_price": null
    },
    {
      "product_name": "Hn8 7-Zonen-Kaltschaummatratze",
      "brand": "Hn8",
      "variant": "Modell „Schlafschön“",
      "offer_price": 189.0,
      "price_before": null,
      "uvp": null,
      "unit_price_value": null,
      "unit_price_per": null,
      "discount_percent": null,
      "pack_size_text": "ca. 90 x 200 cm",
      "multi_buy_text": null,
      "lidl_plus": false,
      "lidl_plus_only": false,
      "other_badges": [
        "Nur online"
      ],
      "category": null,
      "action_type": "regular",
      "price_candidates": [
        {
          "value": 189.0,
          "context": "offer",
          "type_hint": "offer"
        }
      ],
      "confidence": "high",
      "page": 12,
      "tile": null,
      "original_price": null
    },
    {
      "product_name": "Masterpro Weinzubehör-Set",
      "brand": "Masterpro",
      "variant": "Aus Edelstahl. Je Set",
      "offer_price": 16.99,
      "price_before": null,
      "uvp": 49.99,
      "unit_price_value": null,
      "unit_price_per": null,
      "discount_percent": 66.0,
      "pack_size_text": "5-teilig",
      "multi_buy_text": null,
      "lidl_plus": false,
      "lidl_plus_only": false,
      "other_badges": [
        "Nur online"
      ],
      "category": null,
      "action_type": "regular",
      "price_candidates": [
        {
          "value": 16.99,
          "context": "offer",
          "type_hint": "offer"
        },
        {
          "value": 49.99,
          "context": "UVP",
          "type_hint": "uvp"
        },
        {
          "value": 66.0,
          "context": "discount",
          "type_hint": "unknown"
        }
      ],
      "confidence": "high",
      "page": 13,
      "tile": null,
      "original_price": null
    },
    {
      "product_name": "Spiegelau Gläser-Set",
      "brand": "Spiegelau",
      "variant": "Modell „Roma“. Je Set",
      "offer_price": 7.99,
      "price_before": null,
      "uvp": 24.9,
      "unit_price_value": null,
      "unit_price_per": null,
      "discount_percent": 67.0,
      "pack_size_text": "4-teilig",
      "multi_buy_text": null,
      "lidl_plus": false,
      "lidl_plus_only": false,
      "other_badges": [
        "Nur online"
      ],
      "category": null,
      "action_type": "regular",
      "price_candidates": [
        {
          "value": 7.99,
          "context": "offer",
          "type_hint": "offer"
        },
        {
          "value": 24.9,
          "context": "UVP",
          "type_hint": "uvp"
        },
        {
          "value": 67.0,
          "context": "discount",
          "type_hint": "unknown"
        }
      ],
      "confidence": "high",
      "page": 13,
      "tile": null,
      "original_price": null
    },
    {
      "product_name": "Mövenpick Geschirr-Set",
      "brand": "Mövenpick",
      "variant": "Aus Steinzeug. Je Set",
      "offer_price": 19.99,
      "price_before": null,
      "uvp": 49.99,
      "unit_price_value": null,
      "unit_price_per": null,
      "discount_percent": 60.0,
      "pack_size_text": "16-teilig",
      "multi_buy_text": null,
      "lidl_plus": false,
      "lidl_plus_only": false,
      "other_badges": [
        "Nur online"
      ],
      "category": null,
      "action_type": "regular",
      "price_candidates": [
        {
          "value": 19.99,
          "context": "offer",
          "type_hint": "offer"
        },
        {
          "value": 49.99,
          "context": "UVP",
          "type_hint": "uvp"
        },
        {
          "value": 60.0,
          "context": "discount",
          "type_hint": "unknown"
        }
      ],
      "confidence": "high",
      "page": 13,
      "tile": null,
      "original_price": null
    },
    {
      "product_name": "Emsa Isolierbecher",
      "brand": "Emsa",
      "variant": "Modell „TRAVEL MUG“. Je Stück",
      "offer_price": 9.99,
      "price_before": null,
      "uvp": 31.99,
      "unit_price_value": null,
      "unit_price_per": null,
      "discount_percent": 68.0,
      "pack_size_text": "ca. 360 ml",
      "multi_buy_text": null,
      "lidl_plus": false,
      "lidl_plus_only": false,
      "other_badges": [
        "Nur online"
      ],
      "category": null,
      "action_type": "regular",
      "price_candidates": [
        {
          "value": 9.99,
          "context": "offer",
          "type_hint": "offer"
        },
        {
          "value": 31.99,
          "context": "UVP",
          "type_hint": "uvp"
        },
        {
          "value": 68.0,
          "context": "discount",
          "type_hint": "unknown"
        }
      ],
      "confidence": "high",
      "page": 13,
      "tile": null,
      "original_price": null
    },
    {
      "product_name": "Livarno home Geschirr-Set",
      "brand": "Livarno home",
      "variant": "Aus Steinzeug. Je Set",
      "offer_price": 22.99,
      "price_before": null,
      "uvp": 34.99,
      "unit_price_value": null,
      "unit_price_per": null,
      "discount_percent": 34.0,
      "pack_size_text": "18-teilig",
      "multi_buy_text": null,
      "lidl_plus": false,
      "lidl_plus_only": false,
      "other_badges": [
        "Nur online"
      ],
      "category": null,
      "action_type": "regular",
      "price_candidates": [
        {
          "value": 22.99,
          "context": "offer",
          "type_hint": "offer"
        },
        {
          "value": 34.99,
          "context": "UVP",
          "type_hint": "uvp"
        },
        {
          "value": 34.0,
          "context": "discount",
          "type_hint": "unknown"
        }
      ],
      "confidence": "high",
      "page": 13,
      "tile": null,
      "original_price": null
    },
    {
      "product_name": "Ernesto Besteck-Set",
      "brand": "Ernesto",
      "variant": "Aus Edelstahl mit Kunststoffgriffen. Je Set",
      "offer_price": 3.99,
      "price_before": null,
      "uvp": null,
      "unit_price_value": null,
      "unit_price_per": null,
      "discount_percent": null,
      "pack_size_text": "24-teilig",
      "multi_buy_text": null,
      "lidl_plus": false,
      "lidl_plus_only": false,
      "other_badges": [
        "Nur online"
      ],
      "category": null,
      "action_type": "regular",
      "price_candidates": [
        {
          "value": 3.99,
          "context": "offer",
          "type_hint": "offer"
        }
      ],
      "confidence": "high",
      "page": 13,
      "tile": null,
      "original_price": null
    },
    {
      "product_name": "Silvercrest Brotkasten",
      "brand": "Silvercrest",
      "variant": null,
      "offer_price": 9.99,
      "price_before": 12.99,
      "uvp": null,
      "unit_price_value": null,
      "unit_price_per": null,
      "discount_percent": 23.0,
      "pack_size_text": "Je Stück",
      "multi_buy_text": null,
      "lidl_plus": false,
      "lidl_plus_only": false,
      "other_badges": [
        "Nur online"
      ],
      "category": null,
      "action_type": "regular",
      "price_candidates": [
        {
          "value": 9.99,
          "context": "offer",
          "type_hint": "offer"
        },
        {
          "value": 12.99,
          "context": "before",
          "type_hint": "before"
        },
        {
          "value": 23.0,
          "context": "discount",
          "type_hint": "unknown"
        }
      ],
      "confidence": "high",
      "page": 14,
      "tile": null,
      "original_price": null
    },
    {
      "product_name": "Silvercrest Kitchen Tools Fritteuse",
      "brand": "Silvercrest",
      "variant": "Typ_SFT 1900 A1",
      "offer_price": 21.99,
      "price_before": null,
      "uvp": null,
      "unit_price_value": null,
      "unit_price_per": null,
      "discount_percent": null,
      "pack_size_text": "Je Stück",
      "multi_buy_text": null,
      "lidl_plus": false,
      "lidl_plus_only": false,
      "other_badges": [
        "Nur online"
      ],
      "category": null,
      "action_type": "regular",
      "price_candidates": [
        {
          "value": 21.99,
          "context": "offer",
          "type_hint": "offer"
        }
      ],
      "confidence": "high",
      "page": 14,
      "tile": null,
      "original_price": null
    },
    {
      "product_name": "Silvercrest Panini-Maker",
      "brand": "Silvercrest",
      "variant": "Typ_SPM 2000 E2",
      "offer_price": 27.99,
      "price_before": 39.99,
      "uvp": null,
      "unit_price_value": null,
      "unit_price_per": null,
      "discount_percent": 30.0,
      "pack_size_text": "Je Stück",
      "multi_buy_text": null,
      "lidl_plus": false,
      "lidl_plus_only": false,
      "other_badges": [
        "Nur online"
      ],
      "category": null,
      "action_type": "regular",
      "price_candidates": [
        {
          "value": 27.99,
          "context": "offer",
          "type_hint": "offer"
        },
        {
          "value": 39.99,
          "context": "before",
          "type_hint": "before"
        },
        {
          "value": 30.0,
          "context": "discount",
          "type_hint": "unknown"
        }
      ],
      "confidence": "high",
      "page": 14,
      "tile": null,
      "original_price": null
    },
    {
      "product_name": "Silvercrest Slush-Eismaschine",
      "brand": "Silvercrest",
      "variant": "Typ_SSM 220 A1",
      "offer_price": 149.0,
      "price_before": null,
      "uvp": null,
      "unit_price_value": null,
      "unit_price_per": null,
      "discount_percent": 25.0,
      "pack_size_text": "Je Stück",
      "multi_buy_text": null,
      "lidl_plus": false,
      "lidl_plus_only": false,
      "other_badges": [
        "Nur online"
      ],
      "category": null,
      "action_type": "regular",
      "price_candidates": [
        {
          "value": 149.0,
          "context": "offer",
          "type_hint": "offer"
        },
        {
          "value": 25.0,
          "context": "discount",
          "type_hint": "unknown"
        }
      ],
      "confidence": "high",
      "page": 14,
      "tile": null,
      "original_price": null
    },
    {
      "product_name": "Silvercrest Kitchen Tools Kühlschrank",
      "brand": "Silvercrest",
      "variant": "Typ_HIG7A2A1",
      "offer_price": 149.0,
      "price_before": null,
      "uvp": null,
      "unit_price_value": null,
      "unit_price_per": null,
      "discount_percent": null,
      "pack_size_text": "Je Stück",
      "multi_buy_text": null,
      "lidl_plus": false,
      "lidl_plus_only": false,
      "other_badges": [
        "Nur online"
      ],
      "category": null,
      "action_type": "regular",
      "price_candidates": [
        {
          "value": 149.0,
          "context": "offer",
          "type_hint": "offer"
        }
      ],
      "confidence": "high",
      "page": 14,
      "tile": null,
      "original_price": null
    },
    {
      "product_name": "CrockPot Slow Cooker",
      "brand": "CrockPot",
      "variant": "Typ_SCCPRC507B",
      "offer_price": 44.99,
      "price_before": null,
      "uvp": 97.99,
      "unit_price_value": null,
      "unit_price_per": null,
      "discount_percent": 54.0,
      "pack_size_text": "Je Stück",
      "multi_buy_text": null,
      "lidl_plus": false,
      "lidl_plus_only": false,
      "other_badges": [],
      "category": null,
      "action_type": "regular",
      "price_candidates": [
        {
          "value": 44.99,
          "context": "offer",
          "type_hint": "offer"
        },
        {
          "value": 97.99,
          "context": "uvp",
          "type_hint": "uvp"
        },
        {
          "value": 54.0,
          "context": "discount",
          "type_hint": "unknown"
        }
      ],
      "confidence": "high",
      "page": 14,
      "tile": null,
      "original_price": null
    },
    {
      "product_name": "LG Waschmaschine",
      "brand": "LG",
      "variant": "Typ_F1WTM7S2B",
      "offer_price": 729.0,
      "price_before": 1399.0,
      "uvp": null,
      "unit_price_value": null,
      "unit_price_per": null,
      "discount_percent": 47.0,
      "pack_size_text": "Je Stück",
      "multi_buy_text": null,
      "lidl_plus": false,
      "lidl_plus_only": false,
      "other_badges": [
        "Nur online"
      ],
      "category": null,
      "action_type": "regular",
      "price_candidates": [
        {
          "value": 729.0,
          "context": "offer",
          "type_hint": "offer"
        },
        {
          "value": 1399.0,
          "context": "before",
          "type_hint": "before"
        },
        {
          "value": 47.0,
          "context": "discount",
          "type_hint": "unknown"
        }
      ],
      "confidence": "high",
      "page": 14,
      "tile": null,
      "original_price": null
    },
    {
      "product_name": "Nuss-Nougat-Croissant",
      "brand": null,
      "variant": "Je 3 Stück",
      "offer_price": 1.38,
      "price_before": 2.07,
      "uvp": null,
      "unit_price_value": 2.07,
      "unit_price_per": "kg",
      "discount_percent": 33.0,
      "pack_size_text": "Je 3 Stück",
      "multi_buy_text": null,
      "lidl_plus": true,
      "lidl_plus_only": false,
      "other_badges": [],
      "category": null,
      "action_type": "lidl_plus",
      "price_candidates": [
        {
          "value": 1.38,
          "context": "offer",
          "type_hint": "offer"
        },
        {
          "value": 2.07,
          "context": "before",
          "type_hint": "before"
        }
      ],
      "confidence": "high",
      "page": 15,
      "tile": null,
      "original_price": null
    },
    {
      "product_name": "Wienerle Croissant",
      "brand": null,
      "variant": "Je 3 Stück",
      "offer_price": 1.98,
      "price_before": 2.97,
      "uvp": null,
      "unit_price_value": 0.66,
      "unit_price_per": "kg",
      "discount_percent": 33.0,
      "pack_size_text": "Je 3 Stück",
      "multi_buy_text": "2+1 gratis",
      "lidl_plus": true,
      "lidl_plus_only": false,
      "other_badges": [],
      "category": null,
      "action_type": "lidl_plus",
      "price_candidates": [
        {
          "value": 1.98,
          "context": "offer",
          "type_hint": "offer"
        },
        {
          "value": 2.97,
          "context": "before",
          "type_hint": "before"
        },
        {
          "value": 0.66,
          "context": "unit",
          "type_hint": "unit"
        }
      ],
      "confidence": "high",
      "page": 15,
      "tile": null,
      "original_price": null
    },
    {
      "product_name": "Kürbiskernbrötchen",
      "brand": null,
      "variant": "Je 3 Stück",
      "offer_price": 0.98,
      "price_before": 1.47,
      "uvp": null,
      "unit_price_value": 0.33,
      "unit_price_per": "kg",
      "discount_percent": 33.0,
      "pack_size_text": "Je 3 Stück",
      "multi_buy_text": "2+1 gratis",
      "lidl_plus": false,
      "lidl_plus_only": false,
      "other_badges": [],
      "category": null,
      "action_type": "regular",
      "price_candidates": [
        {
          "value": 0.98,
          "context": "offer",
          "type_hint": "offer"
        },
        {
          "value": 1.47,
          "context": "before",
          "type_hint": "before"
        },
        {
          "value": 0.33,
          "context": "unit",
          "type_hint": "unit"
        }
      ],
      "confidence": "high",
      "page": 15,
      "tile": null,
      "original_price": null
    },
    {
      "product_name": "Walnuss-Honig-Brot",
      "brand": null,
      "variant": "Je 380 g",
      "offer_price": 1.99,
      "price_before": null,
      "uvp": null,
      "unit_price_value": 5.24,
      "unit_price_per": "kg",
      "discount_percent": null,
      "pack_size_text": "Je 380 g",
      "multi_buy_text": null,
      "lidl_plus": false,
      "lidl_plus_only": false,
      "other_badges": [
        "AKTION"
      ],
      "category": null,
      "action_type": "regular",
      "price_candidates": [
        {
          "value": 1.99,
          "context": "offer",
          "type_hint": "offer"
        },
        {
          "value": 5.24,
          "context": "unit",
          "type_hint": "unit"
        }
      ],
      "confidence": "high",
      "page": 15,
      "tile": null,
      "original_price": null
    },
    {
      "product_name": "Schoko Cronut",
      "brand": null,
      "variant": null,
      "offer_price": 0.99,
      "price_before": null,
      "uvp": null,
      "unit_price_value": null,
      "unit_price_per": null,
      "discount_percent": null,
      "pack_size_text": null,
      "multi_buy_text": null,
      "lidl_plus": false,
      "lidl_plus_only": false,
      "other_badges": [
        "AKTION"
      ],
      "category": null,
      "action_type": "regular",
      "price_candidates": [
        {
          "value": 0.99,
          "context": "offer",
          "type_hint": "offer"
        }
      ],
      "confidence": "high",
      "page": 15,
      "tile": null,
      "original_price": null
    },
    {
      "product_name": "Dunkin' Donuts Cheesecake Crumble",
      "brand": "Dunkin'",
      "variant": "Je 154 g",
      "offer_price": 2.79,
      "price_before": null,
      "uvp": null,
      "unit_price_value": 18.12,
      "unit_price_per": "kg",
      "discount_percent": null,
      "pack_size_text": "Je 154 g",
      "multi_buy_text": "2er-Pack",
      "lidl_plus": false,
      "lidl_plus_only": false,
      "other_badges": [],
      "category": null,
      "action_type": "regular",
      "price_candidates": [
        {
          "value": 2.79,
          "context": "offer",
          "type_hint": "offer"
        },
        {
          "value": 18.12,
          "context": "unit",
          "type_hint": "unit"
        }
      ],
      "confidence": "high",
      "page": 15,
      "tile": null,
      "original_price": null
    },
    {
      "product_name": "Vemondo Veganes Hack",
      "brand": "Vemondo",
      "variant": null,
      "offer_price": 1.39,
      "price_before": 1.59,
      "uvp": null,
      "unit_price_value": 6.95,
      "unit_price_per": "kg",
      "discount_percent": 12.0,
      "pack_size_text": "2 x 200 g",
      "multi_buy_text": null,
      "lidl_plus": false,
      "lidl_plus_only": false,
      "other_badges": [
        "VEGAN"
      ],
      "category": null,
      "action_type": "regular",
      "price_candidates": [
        {
          "value": 1.39,
          "context": "offer",
          "type_hint": "offer"
        },
        {
          "value": 1.59,
          "context": "before",
          "type_hint": "before"
        },
        {
          "value": 6.95,
          "context": "unit",
          "type_hint": "unit"
        }
      ],
      "confidence": "high",
      "page": 16,
      "tile": null,
      "original_price": null
    },
    {
      "product_name": "Fischerstolz Norwegische Lachsfiletportion",
      "brand": "Fischerstolz",
      "variant": "Mit Haut",
      "offer_price": 4.99,
      "price_before": 5.79,
      "uvp": null,
      "unit_price_value": 16.63,
      "unit_price_per": "kg",
      "discount_percent": 13.0,
      "pack_size_text": "2 x 300 g",
      "multi_buy_text": null,
      "lidl_plus": false,
      "lidl_plus_only": false,
      "other_badges": [],
      "category": null,
      "action_type": "regular",
      "price_candidates": [
        {
          "value": 4.99,
          "context": "offer",
          "type_hint": "offer"
        },
        {
          "value": 5.79,
          "context": "before",
          "type_hint": "before"
        },
        {
          "value": 16.63,
          "context": "unit",
          "type_hint": "unit"
        }
      ],
      "confidence": "high",
      "page": 16,
      "tile": null,
      "original_price": null
    },
    {
      "product_name": "Metzgerfrisch Frisches Schweine-Hackfleisch",
      "brand": "Metzgerfrisch",
      "variant": null,
      "offer_price": null,
      "price_before": null,
      "uvp": null,
      "unit_price_value": 4.44,
      "unit_price_per": "kg",
      "discount_percent": 25.0,
      "pack_size_text": "1 kg",
      "multi_buy_text": null,
      "lidl_plus": false,
      "lidl_plus_only": false,
      "other_badges": [
        "XXL"
      ],
      "category": null,
      "action_type": "regular",
      "price_candidates": [
        {
          "value": 4.44,
          "context": "offer",
          "type_hint": "offer"
        }
      ],
      "confidence": "high",
      "page": 16,
      "tile": null,
      "original_price": null
    },
    {
      "product_name": "Metzgerfrisch Frische Hähnchen-Mini-Steaks",
      "brand": "Metzgerfrisch",
      "variant": null,
      "offer_price": 6.66,
      "price_before": 9.29,
      "uvp": null,
      "unit_price_value": 8.33,
      "unit_price_per": "kg",
      "discount_percent": 28.0,
      "pack_size_text": "3 x 800 g",
      "multi_buy_text": null,
      "lidl_plus": false,
      "lidl_plus_only": false,
      "other_badges": [
        "XXL",
        "Tiefpreis Garantie"
      ],
      "category": null,
      "action_type": "regular",
      "price_candidates": [
        {
          "value": 6.66,
          "context": "offer",
          "type_hint": "offer"
        },
        {
          "value": 9.29,
          "context": "before",
          "type_hint": "before"
        },
        {
          "value": 8.33,
          "context": "unit",
          "type_hint": "unit"
        }
      ],
      "confidence": "high",
      "page": 16,
      "tile": null,
      "original_price": null
    },
    {
      "product_name": "Metzgerfrisch Frische grobe Bratwurst",
      "brand": "Metzgerfrisch",
      "variant": "Vom Schwein, roh, gewürzt",
      "offer_price": 5.99,
      "price_before": null,
      "uvp": null,
      "unit_price_value": 4.99,
      "unit_price_per": "kg",
      "discount_percent": 30.0,
      "pack_size_text": "12 Stück",
      "multi_buy_text": null,
      "lidl_plus": false,
      "lidl_plus_only": false,
      "other_badges": [
        "XXL"
      ],
      "category": null,
      "action_type": "regular",
      "price_candidates": [
        {
          "value": 5.99,
          "context": "offer",
          "type_hint": "offer"
        },
        {
          "value": 4.99,
          "context": "unit",
          "type_hint": "unit"
        }
      ],
      "confidence": "high",
      "page": 16,
      "tile": null,
      "original_price": null
    },
    {
      "product_name": "Metzgerfrisch Premium Lamm-Filets",
      "brand": "Metzgerfrisch",
      "variant": "In Gewürzmarinade",
      "offer_price": 14.0,
      "price_before": null,
      "uvp": null,
      "unit_price_value": 27.99,
      "unit_price_per": "kg",
      "discount_percent": null,
      "pack_size_text": "Ca. 500 g",
      "multi_buy_text": null,
      "lidl_plus": false,
      "lidl_plus_only": false,
      "other_badges": [
        "XXL",
        "AKTION"
      ],
      "category": null,
      "action_type": "regular",
      "price_candidates": [
        {
          "value": 14.0,
          "context": "offer",
          "type_hint": "offer"
        },
        {
          "value": 27.99,
          "context": "unit",
          "type_hint": "unit"
        }
      ],
      "confidence": "high",
      "page": 16,
      "tile": null,
      "original_price": null
    },
    {
      "product_name": "Metzgerfrisch Kasseler Minutensteaks",
      "brand": "Metzgerfrisch",
      "variant": null,
      "offer_price": 3.33,
      "price_before": 3.99,
      "uvp": null,
      "unit_price_value": 8.33,
      "unit_price_per": "kg",
      "discount_percent": 16.0,
      "pack_size_text": "Ca. 400 g",
      "multi_buy_text": null,
      "lidl_plus": true,
      "lidl_plus_only": false,
      "other_badges": [],
      "category": null,
      "action_type": "lidl_plus",
      "price_candidates": [
        {
          "value": 3.33,
          "context": "offer",
          "type_hint": "offer"
        },
        {
          "value": 3.99,
          "context": "before",
          "type_hint": "before"
        },
        {
          "value": 8.33,
          "context": "unit",
          "type_hint": "unit"
        }
      ],
      "confidence": "high",
      "page": 16,
      "tile": null,
      "original_price": null
    },
    {
      "product_name": "Metzgerfrisch Frische Hähnchen Oberkeulen-Minutensteaks",
      "brand": "Metzgerfrisch",
      "variant": null,
      "offer_price": 2.99,
      "price_before": 3.79,
      "uvp": null,
      "unit_price_value": 8.31,
      "unit_price_per": "kg",
      "discount_percent": 21.0,
      "pack_size_text": "Ca. 360 g",
      "multi_buy_text": null,
      "lidl_plus": true,
      "lidl_plus_only": false,
      "other_badges": [],
      "category": null,
      "action_type": "lidl_plus",
      "price_candidates": [
        {
          "value": 2.99,
          "context": "offer",
          "type_hint": "offer"
        },
        {
          "value": 3.79,
          "context": "before",
          "type_hint": "before"
        },
        {
          "value": 8.31,
          "context": "unit",
          "type_hint": "unit"
        }
      ],
      "confidence": "high",
      "page": 16,
      "tile": null,
      "original_price": null
    },
    {
      "product_name": "Pahmeyer Kartoffeln",
      "brand": null,
      "variant": "Versch. Sorten",
      "offer_price": 1.69,
      "price_before": 1.99,
      "uvp": null,
      "unit_price_value": 5.12,
      "unit_price_per": "kg",
      "discount_percent": 15.0,
      "pack_size_text": "330 g",
      "multi_buy_text": null,
      "lidl_plus": false,
      "lidl_plus_only": false,
      "other_badges": [
        "VEGAN"
      ],
      "category": null,
      "action_type": "regular",
      "price_candidates": [
        {
          "value": 1.69,
          "context": "offer",
          "type_hint": "offer"
        },
        {
          "value": 1.99,
          "context": "UVP",
          "type_hint": "before"
        },
        {
          "value": 5.12,
          "context": "1 kg",
          "type_hint": "unit"
        }
      ],
      "confidence": "high",
      "page": 1,
      "tile": null,
      "original_price": null
    },
    {
      "product_name": "Chef Select Kartoffelsalat",
      "brand": null,
      "variant": "Versch. Sorten",
      "offer_price": 1.69,
      "price_before": null,
      "uvp": null,
      "unit_price_value": 4.23,
      "unit_price_per": "kg",
      "discount_percent": null,
      "pack_size_text": "400 g",
      "multi_buy_text": null,
      "lidl_plus": false,
      "lidl_plus_only": false,
      "other_badges": [],
      "category": null,
      "action_type": "regular",
      "price_candidates": [
        {
          "value": 1.69,
          "context": "offer",
          "type_hint": "offer"
        },
        {
          "value": 4.23,
          "context": "1 kg",
          "type_hint": "unit"
        }
      ],
      "confidence": "high",
      "page": 1,
      "tile": null,
      "original_price": null
    },
    {
      "product_name": "Pahmeyer Reibekuchen XXL",
      "brand": null,
      "variant": "Gekühlt",
      "offer_price": 2.99,
      "price_before": 3.99,
      "uvp": null,
      "unit_price_value": 4.67,
      "unit_price_per": "kg",
      "discount_percent": 25.0,
      "pack_size_text": "640 g",
      "multi_buy_text": null,
      "lidl_plus": false,
      "lidl_plus_only": false,
      "other_badges": [],
      "category": null,
      "action_type": "regular",
      "price_candidates": [
        {
          "value": 2.99,
          "context": "offer",
          "type_hint": "offer"
        },
        {
          "value": 3.99,
          "context": "UVP",
          "type_hint": "before"
        },
        {
          "value": 4.67,
          "context": "1 kg",
          "type_hint": "unit"
        }
      ],
      "confidence": "high",
      "page": 1,
      "tile": null,
      "original_price": null
    },
    {
      "product_name": "Börner Eisenacher Wurstspezialitäten",
      "brand": null,
      "variant": "Versch. Sorten",
      "offer_price": 1.99,
      "price_before": null,
      "uvp": null,
      "unit_price_value": 19.9,
      "unit_price_per": "kg",
      "discount_percent": null,
      "pack_size_text": "100 g",
      "multi_buy_text": null,
      "lidl_plus": false,
      "lidl_plus_only": false,
      "other_badges": [],
      "category": null,
      "action_type": "regular",
      "price_candidates": [
        {
          "value": 1.99,
          "context": "offer",
          "type_hint": "offer"
        },
        {
          "value": 19.9,
          "context": "1 kg",
          "type_hint": "unit"
        }
      ],
      "confidence": "high",
      "page": 1,
      "tile": null,
      "original_price": null
    },
    {
      "product_name": "Sutter Fleischwurst/Krakauer im Ring",
      "brand": null,
      "variant": null,
      "offer_price": 2.49,
      "price_before": 3.29,
      "uvp": null,
      "unit_price_value": 6.23,
      "unit_price_per": "kg",
      "discount_percent": 24.0,
      "pack_size_text": "400 g",
      "multi_buy_text": null,
      "lidl_plus": false,
      "lidl_plus_only": false,
      "other_badges": [],
      "category": null,
      "action_type": "regular",
      "price_candidates": [
        {
          "value": 2.49,
          "context": "offer",
          "type_hint": "offer"
        },
        {
          "value": 3.29,
          "context": "UVP",
          "type_hint": "before"
        },
        {
          "value": 6.23,
          "context": "1 kg",
          "type_hint": "unit"
        }
      ],
      "confidence": "high",
      "page": 1,
      "tile": null,
      "original_price": null
    },
    {
      "product_name": "Langewiesche Puten Krustenbraten/Butter Truthahnbrust",
      "brand": null,
      "variant": null,
      "offer_price": 1.99,
      "price_before": 2.49,
      "uvp": null,
      "unit_price_value": 19.9,
      "unit_price_per": "kg",
      "discount_percent": 20.0,
      "pack_size_text": "100 g",
      "multi_buy_text": null,
      "lidl_plus": false,
      "lidl_plus_only": false,
      "other_badges": [],
      "category": null,
      "action_type": "regular",
      "price_candidates": [
        {
          "value": 1.99,
          "context": "offer",
          "type_hint": "offer"
        },
        {
          "value": 2.49,
          "context": "UVP",
          "type_hint": "before"
        },
        {
          "value": 19.9,
          "context": "1 kg",
          "type_hint": "unit"
        }
      ],
      "confidence": "high",
      "page": 1,
      "tile": null,
      "original_price": null
    },
    {
      "product_name": "Nadler Sahne Heringsfilets",
      "brand": "Nadler",
      "variant": null,
      "offer_price": 1.99,
      "price_before": null,
      "uvp": 3.89,
      "unit_price_value": 4.52,
      "unit_price_per": "kg",
      "discount_percent": 48.0,
      "pack_size_text": "Je 440 g",
      "multi_buy_text": null,
      "lidl_plus": false,
      "lidl_plus_only": false,
      "other_badges": [],
      "category": null,
      "action_type": "regular",
      "price_candidates": [
        {
          "value": 1.99,
          "context": "offer",
          "type_hint": "offer"
        },
        {
          "value": 3.89,
          "context": "UVP",
          "type_hint": "uvp"
        },
        {
          "value": 4.52,
          "context": "1 kg =",
          "type_hint": "unit"
        }
      ],
      "confidence": "high",
      "page": 18,
      "tile": null,
      "original_price": null
    },
    {
      "product_name": "Kinder Milchschnitte/ Pingui",
      "brand": "Kinder",
      "variant": null,
      "offer_price": 2.19,
      "price_before": null,
      "uvp": null,
      "unit_price_value": 11.17,
      "unit_price_per": "kg",
      "discount_percent": null,
      "pack_size_text": "Je 196/180 g",
      "multi_buy_text": null,
      "lidl_plus": false,
      "lidl_plus_only": false,
      "other_badges": [
        "AKTION"
      ],
      "category": null,
      "action_type": "regular",
      "price_candidates": [
        {
          "value": 2.19,
          "context": "offer",
          "type_hint": "offer"
        },
        {
          "value": 11.17,
          "context": "1 kg =",
          "type_hint": "unit"
        }
      ],
      "confidence": "high",
      "page": 18,
      "tile": null,
      "original_price": null
    },
    {
      "product_name": "Landliebe Grieß-/ Sahlnepudding",
      "brand": "Landliebe",
      "variant": null,
      "offer_price": 0.99,
      "price_before": 1.79,
      "uvp": null,
      "unit_price_value": 3.0,
      "unit_price_per": "kg",
      "discount_percent": 44.0,
      "pack_size_text": "Je 330 g",
      "multi_buy_text": null,
      "lidl_plus": false,
      "lidl_plus_only": false,
      "other_badges": [],
      "category": null,
      "action_type": "regular",
      "price_candidates": [
        {
          "value": 0.99,
          "context": "offer",
          "type_hint": "offer"
        },
        {
          "value": 1.79,
          "context": "before",
          "type_hint": "before"
        },
        {
          "value": 3.0,
          "context": "1 kg =",
          "type_hint": "unit"
        }
      ],
      "confidence": "high",
      "page": 18,
      "tile": null,
      "original_price": null
    },
    {
      "product_name": "Milbona Joghurt mild XXL",
      "brand": "Milbona",
      "variant": null,
      "offer_price": 1.49,
      "price_before": null,
      "uvp": null,
      "unit_price_value": 2.98,
      "unit_price_per": "kg",
      "discount_percent": 16.0,
      "pack_size_text": "500 g",
      "multi_buy_text": null,
      "lidl_plus": false,
      "lidl_plus_only": false,
      "other_badges": [],
      "category": null,
      "action_type": "regular",
      "price_candidates": [
        {
          "value": 1.49,
          "context": "offer",
          "type_hint": "offer"
        },
        {
          "value": 2.98,
          "context": "1 kg =",
          "type_hint": "unit"
        }
      ],
      "confidence": "high",
      "page": 18,
      "tile": null,
      "original_price": null
    },
    {
      "product_name": "Nothwang Aufschnitt XXL",
      "brand": "Nothwang",
      "variant": null,
      "offer_price": 1.99,
      "price_before": null,
      "uvp": 2.69,
      "unit_price_value": 13.27,
      "unit_price_per": "kg",
      "discount_percent": 26.0,
      "pack_size_text": "150 g",
      "multi_buy_text": null,
      "lidl_plus": false,
      "lidl_plus_only": false,
      "other_badges": [],
      "category": null,
      "action_type": "regular",
      "price_candidates": [
        {
          "value": 1.99,
          "context": "offer",
          "type_hint": "offer"
        },
        {
          "value": 2.69,
          "context": "UVP",
          "type_hint": "uvp"
        },
        {
          "value": 13.27,
          "context": "1 kg =",
          "type_hint": "unit"
        }
      ],
      "confidence": "high",
      "page": 18,
      "tile": null,
      "original_price": null
    },
    {
      "product_name": "Kinder Cards",
      "brand": "Kinder",
      "variant": null,
      "offer_price": 4.99,
      "price_before": null,
      "uvp": null,
      "unit_price_value": 19.49,
      "unit_price_per": "kg",
      "discount_percent": 13.0,
      "pack_size_text": "256 g",
      "multi_buy_text": null,
      "lidl_plus": false,
      "lidl_plus_only": false,
      "other_badges": [
        "10er-Pack"
      ],
      "category": null,
      "action_type": "regular",
      "price_candidates": [
        {
          "value": 4.99,
          "context": "offer",
          "type_hint": "offer"
        },
        {
          "value": 19.49,
          "context": "1 kg =",
          "type_hint": "unit"
        }
      ],
      "confidence": "high",
      "page": 18,
      "tile": null,
      "original_price": null
    },
    {
      "product_name": "Kinder Überraschung Classic-Ei",
      "brand": "Kinder",
      "variant": null,
      "offer_price": 0.89,
      "price_before": 1.19,
      "uvp": null,
      "unit_price_value": 44.5,
      "unit_price_per": "kg",
      "discount_percent": 25.0,
      "pack_size_text": "20 g",
      "multi_buy_text": null,
      "lidl_plus": false,
      "lidl_plus_only": false,
      "other_badges": [],
      "category": null,
      "action_type": "regular",
      "price_candidates": [
        {
          "value": 0.89,
          "context": "offer",
          "type_hint": "offer"
        },
        {
          "value": 1.19,
          "context": "before",
          "type_hint": "before"
        },
        {
          "value": 44.5,
          "context": "1 kg =",
          "type_hint": "unit"
        }
      ],
      "confidence": "high",
      "page": 18,
      "tile": null,
      "original_price": null
    },
    {
      "product_name": "Aoste Stickado",
      "brand": "Aoste",
      "variant": null,
      "offer_price": 1.79,
      "price_before": null,
      "uvp": 2.49,
      "unit_price_value": 25.57,
      "unit_price_per": "kg",
      "discount_percent": 28.0,
      "pack_size_text": "70/60 g",
      "multi_buy_text": null,
      "lidl_plus": false,
      "lidl_plus_only": false,
      "other_badges": [],
      "category": null,
      "action_type": "regular",
      "price_candidates": [
        {
          "value": 1.79,
          "context": "offer",
          "type_hint": "offer"
        },
        {
          "value": 2.49,
          "context": "UVP",
          "type_hint": "uvp"
        },
        {
          "value": 25.57,
          "context": "1 kg =",
          "type_hint": "unit"
        }
      ],
      "confidence": "high",
      "page": 18,
      "tile": null,
      "original_price": null
    },
    {
      "product_name": "Lavazza Crema e Gusto Classico",
      "brand": "Lavazza",
      "variant": null,
      "offer_price": 4.49,
      "price_before": 5.99,
      "uvp": null,
      "unit_price_value": 17.96,
      "unit_price_per": "kg",
      "discount_percent": 25.0,
      "pack_size_text": "250 g",
      "multi_buy_text": null,
      "lidl_plus": false,
      "lidl_plus_only": false,
      "other_badges": [],
      "category": null,
      "action_type": "regular",
      "price_candidates": [
        {
          "value": 4.49,
          "context": "offer",
          "type_hint": "offer"
        },
        {
          "value": 5.99,
          "context": "before",
          "type_hint": "before"
        },
        {
          "value": 17.96,
          "context": "1 kg =",
          "type_hint": "unit"
        }
      ],
      "confidence": "high",
      "page": 18,
      "tile": null,
      "original_price": null
    },
    {
      "product_name": "Rotkäppchen Fruchtsecco",
      "brand": "Rotkäppchen",
      "variant": null,
      "offer_price": 2.99,
      "price_before": null,
      "uvp": 4.99,
      "unit_price_value": 3.99,
      "unit_price_per": "l",
      "discount_percent": 40.0,
      "pack_size_text": "0.75 l",
      "multi_buy_text": null,
      "lidl_plus": false,
      "lidl_plus_only": false,
      "other_badges": [],
      "category": "alcohol",
      "action_type": "restricted",
      "price_candidates": [
        {
          "value": 2.99,
          "context": "offer",
          "type_hint": "offer"
        },
        {
          "value": 4.99,
          "context": "UVP",
          "type_hint": "uvp"
        },
        {
          "value": 3.99,
          "context": "1 l =",
          "type_hint": "unit"
        }
      ],
      "confidence": "high",
      "page": 18,
      "tile": null,
      "original_price": null
    },
    {
      "product_name": "Vemondo Vegane Leberwurst",
      "brand": "Vemondo",
      "variant": null,
      "offer_price": 1.54,
      "price_before": 1.72,
      "uvp": null,
      "unit_price_value": 11.47,
      "unit_price_per": "kg",
      "discount_percent": 10.0,
      "pack_size_text": "150 g",
      "multi_buy_text": null,
      "lidl_plus": true,
      "lidl_plus_only": false,
      "other_badges": [
        "VEGAN"
      ],
      "category": null,
      "action_type": "lidl_plus",
      "price_candidates": [
        {
          "value": 1.54,
          "context": "Mit Lidl Plus",
          "type_hint": "offer"
        },
        {
          "value": 1.72,
          "context": "Normalpreis",
          "type_hint": "before"
        },
        {
          "value": 11.47,
          "context": "1 kg =",
          "type_hint": "unit"
        }
      ],
      "confidence": "high",
      "page": 19,
      "tile": null,
      "original_price": null
    },
    {
      "product_name": "Vemondo Vegane Chunks",
      "brand": "Vemondo",
      "variant": null,
      "offer_price": 2.2,
      "price_before": 2.45,
      "uvp": null,
      "unit_price_value": 13.24,
      "unit_price_per": "kg",
      "discount_percent": 10.0,
      "pack_size_text": "180 g",
      "multi_buy_text": null,
      "lidl_plus": true,
      "lidl_plus_only": false,
      "other_badges": [
        "VEGAN"
      ],
      "category": null,
      "action_type": "lidl_plus",
      "price_candidates": [
        {
          "value": 2.2,
          "context": "Mit Lidl Plus",
          "type_hint": "offer"
        },
        {
          "value": 2.45,
          "context": "Normalpreis",
          "type_hint": "before"
        },
        {
          "value": 13.24,
          "context": "1 kg =",
          "type_hint": "unit"
        }
      ],
      "confidence": "high",
      "page": 19,
      "tile": null,
      "original_price": null
    },
    {
      "product_name": "Vemondo Vegane Gyros-Alternative",
      "brand": "Vemondo",
      "variant": null,
      "offer_price": 1.79,
      "price_before": 1.99,
      "uvp": null,
      "unit_price_value": 5.97,
      "unit_price_per": "kg",
      "discount_percent": 10.0,
      "pack_size_text": "300 g",
      "multi_buy_text": null,
      "lidl_plus": true,
      "lidl_plus_only": false,
      "other_badges": [
        "VEGAN"
      ],
      "category": null,
      "action_type": "lidl_plus",
      "price_candidates": [
        {
          "value": 1.79,
          "context": "Mit Lidl Plus",
          "type_hint": "offer"
        },
        {
          "value": 1.99,
          "context": "Normalpreis",
          "type_hint": "before"
        },
        {
          "value": 5.97,
          "context": "1 kg =",
          "type_hint": "unit"
        }
      ],
      "confidence": "high",
      "page": 19,
      "tile": null,
      "original_price": null
    },
    {
      "product_name": "Vemondo Vegane Falafel",
      "brand": "Vemondo",
      "variant": null,
      "offer_price": 1.79,
      "price_before": 1.99,
      "uvp": null,
      "unit_price_value": 9.95,
      "unit_price_per": "kg",
      "discount_percent": 10.0,
      "pack_size_text": "200 g",
      "multi_buy_text": null,
      "lidl_plus": true,
      "lidl_plus_only": false,
      "other_badges": [
        "VEGAN"
      ],
      "category": null,
      "action_type": "lidl_plus",
      "price_candidates": [
        {
          "value": 1.79,
          "context": "Mit Lidl Plus",
          "type_hint": "offer"
        },
        {
          "value": 1.99,
          "context": "Normalpreis",
          "type_hint": "before"
        },
        {
          "value": 9.95,
          "context": "1 kg =",
          "type_hint": "unit"
        }
      ],
      "confidence": "high",
      "page": 19,
      "tile": null,
      "original_price": null
    },
    {
      "product_name": "Vemondo Vegane Rostbratwurst-Alternative",
      "brand": "Vemondo",
      "variant": null,
      "offer_price": 1.61,
      "price_before": 1.79,
      "uvp": null,
      "unit_price_value": 9.94,
      "unit_price_per": "kg",
      "discount_percent": 10.0,
      "pack_size_text": "180 g",
      "multi_buy_text": null,
      "lidl_plus": true,
      "lidl_plus_only": false,
      "other_badges": [
        "VEGAN"
      ],
      "category": null,
      "action_type": "lidl_plus",
      "price_candidates": [
        {
          "value": 1.61,
          "context": "Mit Lidl Plus",
          "type_hint": "offer"
        },
        {
          "value": 1.79,
          "context": "Normalpreis",
          "type_hint": "before"
        },
        {
          "value": 9.94,
          "context": "1 kg =",
          "type_hint": "unit"
        }
      ],
      "confidence": "high",
      "page": 19,
      "tile": null,
      "original_price": null
    },
    {
      "product_name": "Vemondo Veganes Pesto",
      "brand": "Vemondo",
      "variant": null,
      "offer_price": 0.89,
      "price_before": 0.99,
      "uvp": null,
      "unit_price_value": 5.21,
      "unit_price_per": "kg",
      "discount_percent": 10.0,
      "pack_size_text": "190 g",
      "multi_buy_text": null,
      "lidl_plus": true,
      "lidl_plus_only": false,
      "other_badges": [
        "VEGAN"
      ],
      "category": null,
      "action_type": "lidl_plus",
      "price_candidates": [
        {
          "value": 0.89,
          "context": "Mit Lidl Plus",
          "type_hint": "offer"
        },
        {
          "value": 0.99,
          "context": "Normalpreis",
          "type_hint": "before"
        },
        {
          "value": 5.21,
          "context": "1 kg =",
          "type_hint": "unit"
        }
      ],
      "confidence": "high",
      "page": 19,
      "tile": null,
      "original_price": null
    },
    {
      "product_name": "Vemondo Veganer Goldessa Aufstrich",
      "brand": "Vemondo",
      "variant": "Versch. Sorten",
      "offer_price": 1.15,
      "price_before": null,
      "uvp": null,
      "unit_price_value": 5.89,
      "unit_price_per": "kg",
      "discount_percent": 10.0,
      "pack_size_text": "Je 175 g",
      "multi_buy_text": null,
      "lidl_plus": true,
      "lidl_plus_only": false,
      "other_badges": [],
      "category": null,
      "action_type": "lidl_plus",
      "price_candidates": [
        {
          "value": 1.15,
          "context": "offer",
          "type_hint": "offer"
        },
        {
          "value": 5.89,
          "context": "unit",
          "type_hint": "unit"
        },
        {
          "value": 6.57,
          "context": "normal",
          "type_hint": "unknown"
        }
      ],
      "confidence": "high",
      "page": 20,
      "tile": null,
      "original_price": null
    },
    {
      "product_name": "Vemondo Vegane No Butter",
      "brand": "Vemondo",
      "variant": null,
      "offer_price": 0.89,
      "price_before": 0.99,
      "uvp": null,
      "unit_price_value": 3.56,
      "unit_price_per": "kg",
      "discount_percent": 10.0,
      "pack_size_text": "Je 250 g",
      "multi_buy_text": null,
      "lidl_plus": true,
      "lidl_plus_only": false,
      "other_badges": [],
      "category": null,
      "action_type": "lidl_plus",
      "price_candidates": [
        {
          "value": 0.89,
          "context": "offer",
          "type_hint": "offer"
        },
        {
          "value": 0.99,
          "context": "before",
          "type_hint": "before"
        },
        {
          "value": 3.56,
          "context": "unit",
          "type_hint": "unit"
        },
        {
          "value": 3.96,
          "context": "normal",
          "type_hint": "unknown"
        }
      ],
      "confidence": "high",
      "page": 20,
      "tile": null,
      "original_price": null
    },
    {
      "product_name": "Vemondo Veganer Reibegenuss",
      "brand": "Vemondo",
      "variant": null,
      "offer_price": 0.89,
      "price_before": 0.99,
      "uvp": null,
      "unit_price_value": 5.93,
      "unit_price_per": "kg",
      "discount_percent": 10.0,
      "pack_size_text": "Je 150 g",
      "multi_buy_text": null,
      "lidl_plus": true,
      "lidl_plus_only": false,
      "other_badges": [],
      "category": null,
      "action_type": "lidl_plus",
      "price_candidates": [
        {
          "value": 0.89,
          "context": "offer",
          "type_hint": "offer"
        },
        {
          "value": 0.99,
          "context": "before",
          "type_hint": "before"
        },
        {
          "value": 5.93,
          "context": "unit",
          "type_hint": "unit"
        },
        {
          "value": 6.6,
          "context": "normal",
          "type_hint": "unknown"
        }
      ],
      "confidence": "high",
      "page": 20,
      "tile": null,
      "original_price": null
    },
    {
      "product_name": "Vemondo Vegane Bio Joghurtalternative Kokos Natur",
      "brand": "Vemondo",
      "variant": null,
      "offer_price": 1.21,
      "price_before": 1.35,
      "uvp": null,
      "unit_price_value": 3.03,
      "unit_price_per": "kg",
      "discount_percent": 10.0,
      "pack_size_text": "Je 400 g",
      "multi_buy_text": null,
      "lidl_plus": true,
      "lidl_plus_only": false,
      "other_badges": [],
      "category": null,
      "action_type": "lidl_plus",
      "price_candidates": [
        {
          "value": 1.21,
          "context": "offer",
          "type_hint": "offer"
        },
        {
          "value": 1.35,
          "context": "before",
          "type_hint": "before"
        },
        {
          "value": 3.03,
          "context": "unit",
          "type_hint": "unit"
        },
        {
          "value": 3.38,
          "context": "normal",
          "type_hint": "unknown"
        }
      ],
      "confidence": "high",
      "page": 20,
      "tile": null,
      "original_price": null
    },
    {
      "product_name": "Vemondo Vegane Soja Joghurtalternative Classic",
      "brand": "Vemondo",
      "variant": null,
      "offer_price": 0.89,
      "price_before": 0.99,
      "uvp": null,
      "unit_price_value": 1.78,
      "unit_price_per": "kg",
      "discount_percent": 10.0,
      "pack_size_text": "Je 500 g",
      "multi_buy_text": null,
      "lidl_plus": true,
      "lidl_plus_only": false,
      "other_badges": [],
      "category": null,
      "action_type": "lidl_plus",
      "price_candidates": [
        {
          "value": 0.89,
          "context": "offer",
          "type_hint": "offer"
        },
        {
          "value": 0.99,
          "context": "before",
          "type_hint": "before"
        },
        {
          "value": 1.78,
          "context": "unit",
          "type_hint": "unit"
        },
        {
          "value": 1.98,
          "context": "normal",
          "type_hint": "unknown"
        }
      ],
      "confidence": "high",
      "page": 20,
      "tile": null,
      "original_price": null
    },
    {
      "product_name": "Vemondo Vegane Bio Hafer Creme Cuisine",
      "brand": "Vemondo",
      "variant": null,
      "offer_price": 0.8,
      "price_before": 0.89,
      "uvp": null,
      "unit_price_value": 3.2,
      "unit_price_per": "l",
      "discount_percent": 10.0,
      "pack_size_text": "Je 250 ml",
      "multi_buy_text": null,
      "lidl_plus": true,
      "lidl_plus_only": false,
      "other_badges": [],
      "category": null,
      "action_type": "lidl_plus",
      "price_candidates": [
        {
          "value": 0.8,
          "context": "offer",
          "type_hint": "offer"
        },
        {
          "value": 0.89,
          "context": "before",
          "type_hint": "before"
        },
        {
          "value": 3.2,
          "context": "unit",
          "type_hint": "unit"
        },
        {
          "value": 3.56,
          "context": "normal",
          "type_hint": "unknown"
        }
      ],
      "confidence": "high",
      "page": 20,
      "tile": null,
      "original_price": null
    },
    {
      "product_name": "Vemondo Vegane No Milk Haferdrink",
      "brand": "Vemondo",
      "variant": null,
      "offer_price": 0.85,
      "price_before": 0.95,
      "uvp": null,
      "unit_price_value": null,
      "unit_price_per": null,
      "discount_percent": 10.0,
      "pack_size_text": null,
      "multi_buy_text": null,
      "lidl_plus": true,
      "lidl_plus_only": false,
      "other_badges": [],
      "category": null,
      "action_type": "lidl_plus",
      "price_candidates": [
        {
          "value": 0.85,
          "context": "offer",
          "type_hint": "offer"
        },
        {
          "value": 0.95,
          "context": "before",
          "type_hint": "before"
        }
      ],
      "confidence": "high",
      "page": 20,
      "tile": null,
      "original_price": null
    },
    {
      "product_name": "Sweet Corner Apfelringe/Saure Würmer",
      "brand": "Sweet Corner",
      "variant": null,
      "offer_price": 1.19,
      "price_before": 1.49,
      "uvp": null,
      "unit_price_value": 2.98,
      "unit_price_per": "kg",
      "discount_percent": 20.0,
      "pack_size_text": "Je 400 g",
      "multi_buy_text": null,
      "lidl_plus": true,
      "lidl_plus_only": false,
      "other_badges": [],
      "category": null,
      "action_type": "lidl_plus",
      "price_candidates": [
        {
          "value": 1.19,
          "context": "Mit Lidl Plus",
          "type_hint": "offer"
        },
        {
          "value": 1.49,
          "context": "Normalpreis",
          "type_hint": "before"
        },
        {
          "value": 2.98,
          "context": "1 kg =",
          "type_hint": "unit"
        },
        {
          "value": 3.73,
          "context": "1 kg =",
          "type_hint": "unit"
        }
      ],
      "confidence": "high",
      "page": 21,
      "tile": null,
      "original_price": null
    },
    {
      "product_name": "Sweet Corner Fruchtgummi Bunte Mäuse",
      "brand": "Sweet Corner",
      "variant": null,
      "offer_price": 0.99,
      "price_before": 1.39,
      "uvp": null,
      "unit_price_value": 3.3,
      "unit_price_per": "kg",
      "discount_percent": 28.0,
      "pack_size_text": "Je 300 g",
      "multi_buy_text": null,
      "lidl_plus": true,
      "lidl_plus_only": false,
      "other_badges": [],
      "category": null,
      "action_type": "lidl_plus",
      "price_candidates": [
        {
          "value": 0.99,
          "context": "Mit Lidl Plus",
          "type_hint": "offer"
        },
        {
          "value": 1.39,
          "context": "Normalpreis",
          "type_hint": "before"
        },
        {
          "value": 3.3,
          "context": "1 kg =",
          "type_hint": "unit"
        },
        {
          "value": 4.63,
          "context": "1 kg =",
          "type_hint": "unit"
        }
      ],
      "confidence": "high",
      "page": 21,
      "tile": null,
      "original_price": null
    },
    {
      "product_name": "Sweet Corner Fruchtgummi Versch. Sorten",
      "brand": "Sweet Corner",
      "variant": null,
      "offer_price": 0.89,
      "price_before": 1.19,
      "uvp": null,
      "unit_price_value": 2.97,
      "unit_price_per": "kg",
      "discount_percent": 25.0,
      "pack_size_text": "Je 300 g",
      "multi_buy_text": null,
      "lidl_plus": true,
      "lidl_plus_only": false,
      "other_badges": [],
      "category": null,
      "action_type": "lidl_plus",
      "price_candidates": [
        {
          "value": 0.89,
          "context": "Mit Lidl Plus",
          "type_hint": "offer"
        },
        {
          "value": 1.19,
          "context": "Normalpreis",
          "type_hint": "before"
        },
        {
          "value": 2.97,
          "context": "1 kg =",
          "type_hint": "unit"
        },
        {
          "value": 3.97,
          "context": "1 kg =",
          "type_hint": "unit"
        }
      ],
      "confidence": "high",
      "page": 21,
      "tile": null,
      "original_price": null
    },
    {
      "product_name": "Sweet Corner Mega Bärchen",
      "brand": "Sweet Corner",
      "variant": null,
      "offer_price": 0.99,
      "price_before": 1.29,
      "uvp": null,
      "unit_price_value": 3.3,
      "unit_price_per": "kg",
      "discount_percent": 23.0,
      "pack_size_text": "Je 300 g",
      "multi_buy_text": null,
      "lidl_plus": true,
      "lidl_plus_only": false,
      "other_badges": [],
      "category": null,
      "action_type": "lidl_plus",
      "price_candidates": [
        {
          "value": 0.99,
          "context": "Mit Lidl Plus",
          "type_hint": "offer"
        },
        {
          "value": 1.29,
          "context": "Normalpreis",
          "type_hint": "before"
        },
        {
          "value": 3.3,
          "context": "1 kg =",
          "type_hint": "unit"
        },
        {
          "value": 4.3,
          "context": "1 kg =",
          "type_hint": "unit"
        }
      ],
      "confidence": "high",
      "page": 21,
      "tile": null,
      "original_price": null
    },
    {
      "product_name": "Sweet Corner Bärchen",
      "brand": "Sweet Corner",
      "variant": null,
      "offer_price": 0.79,
      "price_before": 0.99,
      "uvp": null,
      "unit_price_value": 3.95,
      "unit_price_per": "kg",
      "discount_percent": 20.0,
      "pack_size_text": "Je 200 g",
      "multi_buy_text": null,
      "lidl_plus": true,
      "lidl_plus_only": false,
      "other_badges": [],
      "category": null,
      "action_type": "lidl_plus",
      "price_candidates": [
        {
          "value": 0.79,
          "context": "Mit Lidl Plus",
          "type_hint": "offer"
        },
        {
          "value": 0.99,
          "context": "Normalpreis",
          "type_hint": "before"
        },
        {
          "value": 3.95,
          "context": "1 kg =",
          "type_hint": "unit"
        },
        {
          "value": 4.95,
          "context": "1 kg =",
          "type_hint": "unit"
        }
      ],
      "confidence": "high",
      "page": 21,
      "tile": null,
      "original_price": null
    },
    {
      "product_name": "Sweet Corner Party Mix Minis Fruchtgummi",
      "brand": "Sweet Corner",
      "variant": null,
      "offer_price": 1.99,
      "price_before": 2.49,
      "uvp": null,
      "unit_price_value": 4.68,
      "unit_price_per": "kg",
      "discount_percent": 20.0,
      "pack_size_text": "Je 425 g",
      "multi_buy_text": null,
      "lidl_plus": true,
      "lidl_plus_only": false,
      "other_badges": [],
      "category": null,
      "action_type": "lidl_plus",
      "price_candidates": [
        {
          "value": 1.99,
          "context": "Mit Lidl Plus",
          "type_hint": "offer"
        },
        {
          "value": 2.49,
          "context": "Normalpreis",
          "type_hint": "before"
        },
        {
          "value": 4.68,
          "context": "1 kg =",
          "type_hint": "unit"
        },
        {
          "value": 5.86,
          "context": "1 kg =",
          "type_hint": "unit"
        }
      ],
      "confidence": "high",
      "page": 21,
      "tile": null,
      "original_price": null
    },
    {
      "product_name": "Sweet Corner Kaubo Cubbys",
      "brand": null,
      "variant": "Versch. Sorten",
      "offer_price": 0.79,
      "price_before": 0.99,
      "uvp": null,
      "unit_price_value": 3.59,
      "unit_price_per": "kg",
      "discount_percent": 20.0,
      "pack_size_text": "Je 220 g",
      "multi_buy_text": null,
      "lidl_plus": true,
      "lidl_plus_only": false,
      "other_badges": [],
      "category": null,
      "action_type": "lidl_plus",
      "price_candidates": [
        {
          "value": 0.79,
          "context": "Mit Lidl Plus",
          "type_hint": "offer"
        },
        {
          "value": 0.99,
          "context": "Normalpreis",
          "type_hint": "before"
        },
        {
          "value": 3.59,
          "context": "1 kg =",
          "type_hint": "unit"
        }
      ],
      "confidence": "high",
      "page": 22,
      "tile": null,
      "original_price": null
    },
    {
      "product_name": "Sweet Corner Fruchtgummi Mix",
      "brand": null,
      "variant": "Versch. Sorten",
      "offer_price": 3.49,
      "price_before": 4.29,
      "uvp": null,
      "unit_price_value": 4.29,
      "unit_price_per": "kg",
      "discount_percent": 18.0,
      "pack_size_text": "Je 1 kg",
      "multi_buy_text": null,
      "lidl_plus": true,
      "lidl_plus_only": false,
      "other_badges": [],
      "category": null,
      "action_type": "lidl_plus",
      "price_candidates": [
        {
          "value": 3.49,
          "context": "Mit Lidl Plus",
          "type_hint": "offer"
        },
        {
          "value": 4.29,
          "context": "Normalpreis",
          "type_hint": "before"
        }
      ],
      "confidence": "high",
      "page": 22,
      "tile": null,
      "original_price": null
    },
    {
      "product_name": "Sweet Corner Kaubo Mix",
      "brand": null,
      "variant": "Versch. Sorten",
      "offer_price": 1.79,
      "price_before": 2.29,
      "uvp": null,
      "unit_price_value": 4.48,
      "unit_price_per": "kg",
      "discount_percent": 21.0,
      "pack_size_text": "Je 400/325 g",
      "multi_buy_text": null,
      "lidl_plus": true,
      "lidl_plus_only": false,
      "other_badges": [],
      "category": null,
      "action_type": "lidl_plus",
      "price_candidates": [
        {
          "value": 1.79,
          "context": "Mit Lidl Plus",
          "type_hint": "offer"
        },
        {
          "value": 2.29,
          "context": "Normalpreis",
          "type_hint": "before"
        },
        {
          "value": 4.48,
          "context": "1 kg =",
          "type_hint": "unit"
        }
      ],
      "confidence": "high",
      "page": 22,
      "tile": null,
      "original_price": null
    },
    {
      "product_name": "Sweet Corner Fruchtkaubonbons",
      "brand": null,
      "variant": "Versch. Sorten",
      "offer_price": 1.69,
      "price_before": 1.99,
      "uvp": null,
      "unit_price_value": 3.38,
      "unit_price_per": "kg",
      "discount_percent": 15.0,
      "pack_size_text": "Je 500 g",
      "multi_buy_text": null,
      "lidl_plus": true,
      "lidl_plus_only": false,
      "other_badges": [],
      "category": null,
      "action_type": "lidl_plus",
      "price_candidates": [
        {
          "value": 1.69,
          "context": "Mit Lidl Plus",
          "type_hint": "offer"
        },
        {
          "value": 1.99,
          "context": "Normalpreis",
          "type_hint": "before"
        },
        {
          "value": 3.38,
          "context": "1 kg =",
          "type_hint": "unit"
        }
      ],
      "confidence": "high",
      "page": 22,
      "tile": null,
      "original_price": null
    },
    {
      "product_name": "Amanie Hustenbonbons",
      "brand": null,
      "variant": "Versch. Sorten",
      "offer_price": 1.25,
      "price_before": 1.39,
      "uvp": null,
      "unit_price_value": 5.56,
      "unit_price_per": "kg",
      "discount_percent": 10.0,
      "pack_size_text": "Je 250 g",
      "multi_buy_text": null,
      "lidl_plus": true,
      "lidl_plus_only": false,
      "other_badges": [],
      "category": null,
      "action_type": "lidl_plus",
      "price_candidates": [
        {
          "value": 1.25,
          "context": "Mit Lidl Plus",
          "type_hint": "offer"
        },
        {
          "value": 1.39,
          "context": "Normalpreis",
          "type_hint": "before"
        },
        {
          "value": 5.56,
          "context": "1 kg =",
          "type_hint": "unit"
        }
      ],
      "confidence": "high",
      "page": 22,
      "tile": null,
      "original_price": null
    },
    {
      "product_name": "Sweet Corner Früchtchen",
      "brand": null,
      "variant": "Versch. Sorten",
      "offer_price": 1.11,
      "price_before": 1.39,
      "uvp": null,
      "unit_price_value": 3.7,
      "unit_price_per": "kg",
      "discount_percent": 20.0,
      "pack_size_text": "Je 300 g",
      "multi_buy_text": null,
      "lidl_plus": true,
      "lidl_plus_only": false,
      "other_badges": [],
      "category": null,
      "action_type": "lidl_plus",
      "price_candidates": [
        {
          "value": 1.11,
          "context": "Mit Lidl Plus",
          "type_hint": "offer"
        },
        {
          "value": 1.39,
          "context": "Normalpreis",
          "type_hint": "before"
        },
        {
          "value": 3.7,
          "context": "1 kg =",
          "type_hint": "unit"
        }
      ],
      "confidence": "high",
      "page": 22,
      "tile": null,
      "original_price": null
    },
    {
      "product_name": "Amanie Eukalyptus-Menthol-Bonbons",
      "brand": null,
      "variant": "Versch. Sorten",
      "offer_price": 1.61,
      "price_before": 1.79,
      "uvp": null,
      "unit_price_value": 3.31,
      "unit_price_per": "kg",
      "discount_percent": 10.0,
      "pack_size_text": "Je 540/250 g",
      "multi_buy_text": null,
      "lidl_plus": true,
      "lidl_plus_only": false,
      "other_badges": [],
      "category": null,
      "action_type": "lidl_plus",
      "price_candidates": [
        {
          "value": 1.61,
          "context": "Mit Lidl Plus",
          "type_hint": "offer"
        },
        {
          "value": 1.79,
          "context": "Normalpreis",
          "type_hint": "before"
        },
        {
          "value": 3.31,
          "context": "1 kg =",
          "type_hint": "unit"
        }
      ],
      "confidence": "high",
      "page": 22,
      "tile": null,
      "original_price": null
    },
    {
      "product_name": "Korifeos Ouzo",
      "brand": null,
      "variant": null,
      "offer_price": 8.99,
      "price_before": 9.99,
      "uvp": null,
      "unit_price_value": 12.84,
      "unit_price_per": "l",
      "discount_percent": 10.0,
      "pack_size_text": "je 0,7 l",
      "multi_buy_text": null,
      "lidl_plus": false,
      "lidl_plus_only": false,
      "other_badges": [
        "Nur online"
      ],
      "category": "alcohol",
      "action_type": "restricted",
      "price_candidates": [
        {
          "value": 8.99,
          "context": "offer",
          "type_hint": "offer"
        },
        {
          "value": 9.99,
          "context": "before",
          "type_hint": "before"
        },
        {
          "value": 12.84,
          "context": "unit",
          "type_hint": "unit"
        }
      ],
      "confidence": "high",
      "page": 23,
      "tile": null,
      "original_price": null
    },
    {
      "product_name": "Vega Cadur Brandy de Jerez Solera Reserva",
      "brand": null,
      "variant": null,
      "offer_price": 10.99,
      "price_before": 14.99,
      "uvp": null,
      "unit_price_value": 15.7,
      "unit_price_per": "l",
      "discount_percent": 26.0,
      "pack_size_text": "je 0,7 l",
      "multi_buy_text": null,
      "lidl_plus": false,
      "lidl_plus_only": false,
      "other_badges": [
        "Nur online"
      ],
      "category": "alcohol",
      "action_type": "restricted",
      "price_candidates": [
        {
          "value": 10.99,
          "context": "offer",
          "type_hint": "offer"
        },
        {
          "value": 14.99,
          "context": "before",
          "type_hint": "before"
        },
        {
          "value": 15.7,
          "context": "unit",
          "type_hint": "unit"
        }
      ],
      "confidence": "high",
      "page": 23,
      "tile": null,
      "original_price": null
    },
    {
      "product_name": "Ron Rumbero Kubanischer Rum 7 Jahre",
      "brand": null,
      "variant": null,
      "offer_price": 12.99,
      "price_before": 14.99,
      "uvp": null,
      "unit_price_value": 18.56,
      "unit_price_per": "l",
      "discount_percent": 13.0,
      "pack_size_text": "je 0,7 l",
      "multi_buy_text": null,
      "lidl_plus": false,
      "lidl_plus_only": false,
      "other_badges": [
        "Nur online"
      ],
      "category": "alcohol",
      "action_type": "restricted",
      "price_candidates": [
        {
          "value": 12.99,
          "context": "offer",
          "type_hint": "offer"
        },
        {
          "value": 14.99,
          "context": "before",
          "type_hint": "before"
        },
        {
          "value": 18.56,
          "context": "unit",
          "type_hint": "unit"
        }
      ],
      "confidence": "high",
      "page": 23,
      "tile": null,
      "original_price": null
    },
    {
      "product_name": "GOLDHAUCH Haselnuss Edelbrand",
      "brand": null,
      "variant": null,
      "offer_price": 10.99,
      "price_before": 12.99,
      "uvp": null,
      "unit_price_value": 21.98,
      "unit_price_per": "l",
      "discount_percent": 15.0,
      "pack_size_text": "je 0,7 l",
      "multi_buy_text": null,
      "lidl_plus": false,
      "lidl_plus_only": false,
      "other_badges": [
        "Nur online"
      ],
      "category": "alcohol",
      "action_type": "restricted",
      "price_candidates": [
        {
          "value": 10.99,
          "context": "offer",
          "type_hint": "offer"
        },
        {
          "value": 12.99,
          "context": "before",
          "type_hint": "before"
        },
        {
          "value": 21.98,
          "context": "unit",
          "type_hint": "unit"
        }
      ],
      "confidence": "high",
      "page": 23,
      "tile": null,
      "original_price": null
    },
    {
      "product_name": "GOLDHAUCH Williams-Christ-Birnenbrand mit Frucht",
      "brand": null,
      "variant": null,
      "offer_price": 19.99,
      "price_before": 24.99,
      "uvp": null,
      "unit_price_value": 28.56,
      "unit_price_per": "l",
      "discount_percent": 20.0,
      "pack_size_text": "je 0,7 l",
      "multi_buy_text": null,
      "lidl_plus": false,
      "lidl_plus_only": false,
      "other_badges": [
        "Nur online"
      ],
      "category": "alcohol",
      "action_type": "restricted",
      "price_candidates": [
        {
          "value": 19.99,
          "context": "offer",
          "type_hint": "offer"
        },
        {
          "value": 24.99,
          "context": "before",
          "type_hint": "before"
        },
        {
          "value": 28.56,
          "context": "unit",
          "type_hint": "unit"
        }
      ],
      "confidence": "high",
      "page": 23,
      "tile": null,
      "original_price": null
    },
    {
      "product_name": "Ben Bracken Scottish Dry Gin",
      "brand": null,
      "variant": null,
      "offer_price": 10.99,
      "price_before": 14.99,
      "uvp": null,
      "unit_price_value": 15.7,
      "unit_price_per": "l",
      "discount_percent": 26.0,
      "pack_size_text": "0.7 l",
      "multi_buy_text": null,
      "lidl_plus": false,
      "lidl_plus_only": false,
      "other_badges": [
        "Nur online"
      ],
      "category": "alcohol",
      "action_type": "restricted",
      "price_candidates": [
        {
          "value": 10.99,
          "context": "offer",
          "type_hint": "offer"
        },
        {
          "value": 14.99,
          "context": "before",
          "type_hint": "before"
        },
        {
          "value": 15.7,
          "context": "unit",
          "type_hint": "unit"
        }
      ],
      "confidence": "high",
      "page": 24,
      "tile": null,
      "original_price": null
    },
    {
      "product_name": "Allini FreeSecco 0,0%, alkoholfrei",
      "brand": null,
      "variant": null,
      "offer_price": 5.39,
      "price_before": 5.99,
      "uvp": null,
      "unit_price_value": 7.19,
      "unit_price_per": "l",
      "discount_percent": 10.0,
      "pack_size_text": "0.75 l",
      "multi_buy_text": null,
      "lidl_plus": true,
      "lidl_plus_only": false,
      "other_badges": [
        "Nur online"
      ],
      "category": null,
      "action_type": "lidl_plus",
      "price_candidates": [
        {
          "value": 5.39,
          "context": "offer",
          "type_hint": "offer"
        },
        {
          "value": 5.99,
          "context": "before",
          "type_hint": "before"
        },
        {
          "value": 7.19,
          "context": "unit",
          "type_hint": "unit"
        }
      ],
      "confidence": "high",
      "page": 24,
      "tile": null,
      "original_price": null
    },
    {
      "product_name": "Amarone della Valpolicella Classico DOCG, Rotwein, trocken",
      "brand": null,
      "variant": null,
      "offer_price": 19.99,
      "price_before": null,
      "uvp": null,
      "unit_price_value": 26.65,
      "unit_price_per": "l",
      "discount_percent": null,
      "pack_size_text": "0.75 l",
      "multi_buy_text": null,
      "lidl_plus": false,
      "lidl_plus_only": false,
      "other_badges": [
        "Nur online"
      ],
      "category": "alcohol",
      "action_type": "restricted",
      "price_candidates": [
        {
          "value": 19.99,
          "context": "offer",
          "type_hint": "offer"
        },
        {
          "value": 26.65,
          "context": "unit",
          "type_hint": "unit"
        }
      ],
      "confidence": "high",
      "page": 24,
      "tile": null,
      "original_price": null
    },
    {
      "product_name": "Marquis de Plagne Bio Crémant de Loire AOC, Schaumwein, brut",
      "brand": null,
      "variant": null,
      "offer_price": 8.99,
      "price_before": 9.99,
      "uvp": null,
      "unit_price_value": 11.99,
      "unit_price_per": "l",
      "discount_percent": 10.0,
      "pack_size_text": "0.75 l",
      "multi_buy_text": null,
      "lidl_plus": false,
      "lidl_plus_only": false,
      "other_badges": [
        "Nur online"
      ],
      "category": "alcohol",
      "action_type": "restricted",
      "price_candidates": [
        {
          "value": 8.99,
          "context": "offer",
          "type_hint": "offer"
        },
        {
          "value": 9.99,
          "context": "before",
          "type_hint": "before"
        },
        {
          "value": 11.99,
          "context": "unit",
          "type_hint": "unit"
        }
      ],
      "confidence": "high",
      "page": 24,
      "tile": null,
      "original_price": null
    },
    {
      "product_name": "Heidsieck & Co Monopole Bronze Top, Champagner, brut",
      "brand": null,
      "variant": null,
      "offer_price": 24.99,
      "price_before": 29.99,
      "uvp": null,
      "unit_price_value": 33.32,
      "unit_price_per": "l",
      "discount_percent": null,
      "pack_size_text": "0.75 l",
      "multi_buy_text": null,
      "lidl_plus": false,
      "lidl_plus_only": false,
      "other_badges": [
        "Nur online"
      ],
      "category": "alcohol",
      "action_type": "restricted",
      "price_candidates": [
        {
          "value": 24.99,
          "context": "offer",
          "type_hint": "offer"
        },
        {
          "value": 29.99,
          "context": "before",
          "type_hint": "before"
        },
        {
          "value": 33.32,
          "context": "unit",
          "type_hint": "unit"
        }
      ],
      "confidence": "high",
      "page": 24,
      "tile": null,
      "original_price": null
    },
    {
      "product_name": "Mezquiriz Tempranillo Tinto Roble DO, Rotwein, trocken",
      "brand": null,
      "variant": null,
      "offer_price": 4.89,
      "price_before": 6.99,
      "uvp": null,
      "unit_price_value": 6.52,
      "unit_price_per": "l",
      "discount_percent": 30.0,
      "pack_size_text": "0.75 l",
      "multi_buy_text": null,
      "lidl_plus": false,
      "lidl_plus_only": false,
      "other_badges": [
        "Nur online"
      ],
      "category": "alcohol",
      "action_type": "restricted",
      "price_candidates": [
        {
          "value": 4.89,
          "context": "offer",
          "type_hint": "offer"
        },
        {
          "value": 6.99,
          "context": "before",
          "type_hint": "before"
        },
        {
          "value": 6.52,
          "context": "unit",
          "type_hint": "unit"
        }
      ],
      "confidence": "high",
      "page": 24,
      "tile": null,
      "original_price": null
    },
    {
      "product_name": "River Terrace Sauvignon Blanc Reserve Blush, Weißwein, trocken",
      "brand": null,
      "variant": null,
      "offer_price": 7.99,
      "price_before": 9.99,
      "uvp": null,
      "unit_price_value": 10.65,
      "unit_price_per": "l",
      "discount_percent": 20.0,
      "pack_size_text": "0.75 l",
      "multi_buy_text": null,
      "lidl_plus": false,
      "lidl_plus_only": false,
      "other_badges": [
        "Nur online"
      ],
      "category": "alcohol",
      "action_type": "restricted",
      "price_candidates": [
        {
          "value": 7.99,
          "context": "offer",
          "type_hint": "offer"
        },
        {
          "value": 9.99,
          "context": "before",
          "type_hint": "before"
        },
        {
          "value": 10.65,
          "context": "unit",
          "type_hint": "unit"
        }
      ],
      "confidence": "high",
      "page": 24,
      "tile": null,
      "original_price": null
    },
    {
      "product_name": "Veuve Thomassin rosé, Champagner, brut",
      "brand": null,
      "variant": null,
      "offer_price": 22.99,
      "price_before": 27.99,
      "uvp": null,
      "unit_price_value": 30.65,
      "unit_price_per": "l",
      "discount_percent": null,
      "pack_size_text": "0.75 l",
      "multi_buy_text": null,
      "lidl_plus": false,
      "lidl_plus_only": false,
      "other_badges": [
        "Nur online"
      ],
      "category": "alcohol",
      "action_type": "restricted",
      "price_candidates": [
        {
          "value": 22.99,
          "context": "offer",
          "type_hint": "offer"
        },
        {
          "value": 27.99,
          "context": "before",
          "type_hint": "before"
        },
        {
          "value": 30.65,
          "context": "unit",
          "type_hint": "unit"
        }
      ],
      "confidence": "high",
      "page": 24,
      "tile": null,
      "original_price": null
    },
    {
      "product_name": "Riesling Scheurebe QbA, Weißwein, halbtrocken",
      "brand": null,
      "variant": null,
      "offer_price": 4.99,
      "price_before": null,
      "uvp": null,
      "unit_price_value": 6.65,
      "unit_price_per": "l",
      "discount_percent": null,
      "pack_size_text": "0.75 l",
      "multi_buy_text": null,
      "lidl_plus": false,
      "lidl_plus_only": false,
      "other_badges": [
        "Nur online"
      ],
      "category": "alcohol",
      "action_type": "restricted",
      "price_candidates": [
        {
          "value": 4.99,
          "context": "offer",
          "type_hint": "offer"
        },
        {
          "value": 6.65,
          "context": "unit",
          "type_hint": "unit"
        }
      ],
      "confidence": "high",
      "page": 24,
      "tile": null,
      "original_price": null
    },
    {
      "product_name": "Parkside Akku-Handkreissäge 20 V",
      "brand": "Parkside",
      "variant": null,
      "offer_price": 34.99,
      "price_before": null,
      "uvp": null,
      "unit_price_value": null,
      "unit_price_per": null,
      "discount_percent": null,
      "pack_size_text": null,
      "multi_buy_text": null,
      "lidl_plus": false,
      "lidl_plus_only": false,
      "other_badges": [],
      "category": null,
      "action_type": "regular",
      "price_candidates": [
        {
          "value": 34.99,
          "context": "offer",
          "type_hint": "offer"
        }
      ],
      "confidence": "high",
      "page": 25,
      "tile": null,
      "original_price": null
    },
    {
      "product_name": "Parkside Performance Sägeblatt",
      "brand": "Parkside",
      "variant": null,
      "offer_price": 5.99,
      "price_before": 7.99,
      "uvp": null,
      "unit_price_value": null,
      "unit_price_per": null,
      "discount_percent": 25.0,
      "pack_size_text": null,
      "multi_buy_text": null,
      "lidl_plus": false,
      "lidl_plus_only": false,
      "other_badges": [],
      "category": null,
      "action_type": "regular",
      "price_candidates": [
        {
          "value": 5.99,
          "context": "offer",
          "type_hint": "offer"
        },
        {
          "value": 7.99,
          "context": "before",
          "type_hint": "before"
        },
        {
          "value": 25.0,
          "context": "discount",
          "type_hint": "unknown"
        }
      ],
      "confidence": "high",
      "page": 25,
      "tile": null,
      "original_price": null
    },
    {
      "product_name": "Parkside Akku-Bandfeile 20 V",
      "brand": "Parkside",
      "variant": null,
      "offer_price": 29.99,
      "price_before": null,
      "uvp": null,
      "unit_price_value": null,
      "unit_price_per": null,
      "discount_percent": null,
      "pack_size_text": null,
      "multi_buy_text": null,
      "lidl_plus": false,
      "lidl_plus_only": false,
      "other_badges": [],
      "category": null,
      "action_type": "regular",
      "price_candidates": [
        {
          "value": 29.99,
          "context": "offer",
          "type_hint": "offer"
        }
      ],
      "confidence": "high",
      "page": 25,
      "tile": null,
      "original_price": null
    },
    {
      "product_name": "Parkside Akku 20 V/4 Ah",
      "brand": "Parkside",
      "variant": null,
      "offer_price": 19.99,
      "price_before": null,
      "uvp": null,
      "unit_price_value": null,
      "unit_price_per": null,
      "discount_percent": null,
      "pack_size_text": null,
      "multi_buy_text": null,
      "lidl_plus": false,
      "lidl_plus_only": false,
      "other_badges": [],
      "category": null,
      "action_type": "regular",
      "price_candidates": [
        {
          "value": 19.99,
          "context": "offer",
          "type_hint": "offer"
        }
      ],
      "confidence": "high",
      "page": 25,
      "tile": null,
      "original_price": null
    },
    {
      "product_name": "Parkside Akku 20 V/2 Ah + Ladegerät 2,4 A",
      "brand": "Parkside",
      "variant": null,
      "offer_price": 19.99,
      "price_before": null,
      "uvp": null,
      "unit_price_value": null,
      "unit_price_per": null,
      "discount_percent": null,
      "pack_size_text": null,
      "multi_buy_text": null,
      "lidl_plus": false,
      "lidl_plus_only": false,
      "other_badges": [],
      "category": null,
      "action_type": "regular",
      "price_candidates": [
        {
          "value": 19.99,
          "context": "offer",
          "type_hint": "offer"
        }
      ],
      "confidence": "high",
      "page": 25,
      "tile": null,
      "original_price": null
    },
    {
      "product_name": "Parkside Akku-Schnellladegerät 20 V/4,5 A",
      "brand": "Parkside",
      "variant": null,
      "offer_price": 9.99,
      "price_before": null,
      "uvp": null,
      "unit_price_value": null,
      "unit_price_per": null,
      "discount_percent": null,
      "pack_size_text": null,
      "multi_buy_text": null,
      "lidl_plus": false,
      "lidl_plus_only": false,
      "other_badges": [],
      "category": null,
      "action_type": "regular",
      "price_candidates": [
        {
          "value": 9.99,
          "context": "offer",
          "type_hint": "offer"
        }
      ],
      "confidence": "high",
      "page": 25,
      "tile": null,
      "original_price": null
    },
    {
      "product_name": "Verkandtangenset, 3-teilig",
      "brand": null,
      "variant": null,
      "offer_price": null,
      "price_before": null,
      "uvp": null,
      "unit_price_value": null,
      "unit_price_per": null,
      "discount_percent": null,
      "pack_size_text": "3-teilig",
      "multi_buy_text": null,
      "lidl_plus": false,
      "lidl_plus_only": false,
      "other_badges": [],
      "category": null,
      "action_type": "regular",
      "price_candidates": [],
      "confidence": "low",
      "page": 26,
      "tile": null,
      "original_price": null
    },
    {
      "product_name": "Schmierverschluss-Bithalter mit Drehhülse",
      "brand": null,
      "variant": null,
      "offer_price": null,
      "price_before": null,
      "uvp": null,
      "unit_price_value": null,
      "unit_price_per": null,
      "discount_percent": null,
      "pack_size_text": null,
      "multi_buy_text": null,
      "lidl_plus": false,
      "lidl_plus_only": false,
      "other_badges": [],
      "category": null,
      "action_type": "regular",
      "price_candidates": [],
      "confidence": "low",
      "page": 26,
      "tile": null,
      "original_price": null
    },
    {
      "product_name": "Trockenbau-Bit-Set, 6-teilig",
      "brand": null,
      "variant": null,
      "offer_price": null,
      "price_before": null,
      "uvp": null,
      "unit_price_value": null,
      "unit_price_per": null,
      "discount_percent": null,
      "pack_size_text": "6-teilig",
      "multi_buy_text": null,
      "lidl_plus": false,
      "lidl_plus_only": false,
      "other_badges": [],
      "category": null,
      "action_type": "regular",
      "price_candidates": [],
      "confidence": "low",
      "page": 26,
      "tile": null,
      "original_price": null
    },
    {
      "product_name": "Parkside Bitverlängerung/Vierkantadapter/Bit-Set",
      "brand": "Parkside",
      "variant": null,
      "offer_price": 1.99,
      "price_before": 3.99,
      "uvp": null,
      "unit_price_value": null,
      "unit_price_per": null,
      "discount_percent": 50.0,
      "pack_size_text": "Je Stück/Set",
      "multi_buy_text": null,
      "lidl_plus": false,
      "lidl_plus_only": false,
      "other_badges": [
        "Auch online"
      ],
      "category": null,
      "action_type": "regular",
      "price_candidates": [
        {
          "value": 1.99,
          "context": "offer",
          "type_hint": "offer"
        },
        {
          "value": 3.99,
          "context": "before",
          "type_hint": "before"
        },
        {
          "value": 50.0,
          "context": "discount",
          "type_hint": "unknown"
        }
      ],
      "confidence": "high",
      "page": 26,
      "tile": null,
      "original_price": null
    },
    {
      "product_name": "Parkside Akku-Schlagbohrschrauber 20 V",
      "brand": "Parkside",
      "variant": null,
      "offer_price": 19.99,
      "price_before": null,
      "uvp": null,
      "unit_price_value": null,
      "unit_price_per": null,
      "discount_percent": null,
      "pack_size_text": "Je Stück",
      "multi_buy_text": null,
      "lidl_plus": false,
      "lidl_plus_only": false,
      "other_badges": [
        "Auch online",
        "Tiefpreis Garantie"
      ],
      "category": null,
      "action_type": "regular",
      "price_candidates": [
        {
          "value": 19.99,
          "context": "offer",
          "type_hint": "offer"
        }
      ],
      "confidence": "high",
      "page": 26,
      "tile": null,
      "original_price": null
    },
    {
      "product_name": "Parkside Bit-/Bit- und Steckschlüsselsatz",
      "brand": "Parkside",
      "variant": null,
      "offer_price": 7.99,
      "price_before": 12.99,
      "uvp": null,
      "unit_price_value": null,
      "unit_price_per": null,
      "discount_percent": 38.0,
      "pack_size_text": "Je Set",
      "multi_buy_text": null,
      "lidl_plus": false,
      "lidl_plus_only": false,
      "other_badges": [],
      "category": null,
      "action_type": "regular",
      "price_candidates": [
        {
          "value": 7.99,
          "context": "offer",
          "type_hint": "offer"
        },
        {
          "value": 12.99,
          "context": "before",
          "type_hint": "before"
        },
        {
          "value": 38.0,
          "context": "discount",
          "type_hint": "unknown"
        }
      ],
      "confidence": "high",
      "page": 26,
      "tile": null,
      "original_price": null
    },
    {
      "product_name": "Parkside Bohrer-Bit-Set",
      "brand": "Parkside",
      "variant": null,
      "offer_price": 14.99,
      "price_before": null,
      "uvp": null,
      "unit_price_value": null,
      "unit_price_per": null,
      "discount_percent": null,
      "pack_size_text": "Je Set",
      "multi_buy_text": null,
      "lidl_plus": false,
      "lidl_plus_only": false,
      "other_badges": [
        "Auch online",
        "Tiefpreis Garantie"
      ],
      "category": null,
      "action_type": "regular",
      "price_candidates": [
        {
          "value": 14.99,
          "context": "offer",
          "type_hint": "offer"
        }
      ],
      "confidence": "high",
      "page": 26,
      "tile": null,
      "original_price": null
    },
    {
      "product_name": "Parkside Akku-Bohrschrauber 20 V",
      "brand": "Parkside",
      "variant": null,
      "offer_price": 14.99,
      "price_before": 19.99,
      "uvp": null,
      "unit_price_value": null,
      "unit_price_per": null,
      "discount_percent": 25.0,
      "pack_size_text": "Je Stück",
      "multi_buy_text": null,
      "lidl_plus": true,
      "lidl_plus_only": false,
      "other_badges": [],
      "category": null,
      "action_type": "lidl_plus",
      "price_candidates": [
        {
          "value": 14.99,
          "context": "offer",
          "type_hint": "offer"
        },
        {
          "value": 19.99,
          "context": "before",
          "type_hint": "before"
        },
        {
          "value": 25.0,
          "context": "discount",
          "type_hint": "unknown"
        }
      ],
      "confidence": "high",
      "page": 26,
      "tile": null,
      "original_price": null
    },
    {
      "product_name": "Parkside Akku-Kompressor und -Luftpumpe 20 V",
      "brand": "Parkside",
      "variant": null,
      "offer_price": 24.99,
      "price_before": null,
      "uvp": null,
      "unit_price_value": null,
      "unit_price_per": null,
      "discount_percent": null,
      "pack_size_text": null,
      "multi_buy_text": null,
      "lidl_plus": false,
      "lidl_plus_only": false,
      "other_badges": [
        "Auch online"
      ],
      "category": null,
      "action_type": "regular",
      "price_candidates": [
        {
          "value": 24.99,
          "context": "Inkl. Zubehör",
          "type_hint": "offer"
        }
      ],
      "confidence": "high",
      "page": 27,
      "tile": null,
      "original_price": null
    },
    {
      "product_name": "Parkside Akku-Bandsäge 20 V",
      "brand": "Parkside",
      "variant": null,
      "offer_price": 59.99,
      "price_before": 99.99,
      "uvp": null,
      "unit_price_value": null,
      "unit_price_per": null,
      "discount_percent": 40.0,
      "pack_size_text": null,
      "multi_buy_text": null,
      "lidl_plus": false,
      "lidl_plus_only": false,
      "other_badges": [],
      "category": null,
      "action_type": "regular",
      "price_candidates": [
        {
          "value": 59.99,
          "context": "-40%",
          "type_hint": "offer"
        },
        {
          "value": 99.99,
          "context": "statt",
          "type_hint": "before"
        }
      ],
      "confidence": "high",
      "page": 27,
      "tile": null,
      "original_price": null
    },
    {
      "product_name": "Parkside Akku-Baustellenradio 20 V",
      "brand": "Parkside",
      "variant": null,
      "offer_price": 59.99,
      "price_before": 69.99,
      "uvp": null,
      "unit_price_value": null,
      "unit_price_per": null,
      "discount_percent": 14.0,
      "pack_size_text": null,
      "multi_buy_text": null,
      "lidl_plus": true,
      "lidl_plus_only": false,
      "other_badges": [
        "Auch online"
      ],
      "category": null,
      "action_type": "lidl_plus",
      "price_candidates": [
        {
          "value": 59.99,
          "context": "Mit Lidl Plus",
          "type_hint": "offer"
        },
        {
          "value": 69.99,
          "context": "Normalpreis",
          "type_hint": "before"
        }
      ],
      "confidence": "high",
      "page": 27,
      "tile": null,
      "original_price": null
    },
    {
      "product_name": "Parkside Klemm- und Führungsschiene",
      "brand": "Parkside",
      "variant": null,
      "offer_price": 7.99,
      "price_before": 12.99,
      "uvp": null,
      "unit_price_value": null,
      "unit_price_per": null,
      "discount_percent": 38.0,
      "pack_size_text": null,
      "multi_buy_text": null,
      "lidl_plus": true,
      "lidl_plus_only": false,
      "other_badges": [],
      "category": null,
      "action_type": "lidl_plus",
      "price_candidates": [
        {
          "value": 7.99,
          "context": "Mit Lidl Plus",
          "type_hint": "offer"
        },
        {
          "value": 12.99,
          "context": "Normalpreis",
          "type_hint": "before"
        }
      ],
      "confidence": "high",
      "page": 27,
      "tile": null,
      "original_price": null
    },
    {
      "product_name": "Parkside Bohr- und Meißelhammer",
      "brand": "Parkside",
      "variant": "Typ PBH 1500 C3",
      "offer_price": 49.99,
      "price_before": 57.99,
      "uvp": null,
      "unit_price_value": null,
      "unit_price_per": null,
      "discount_percent": 13.0,
      "pack_size_text": "Je Stück",
      "multi_buy_text": null,
      "lidl_plus": false,
      "lidl_plus_only": false,
      "other_badges": [
        "Nur online"
      ],
      "category": null,
      "action_type": "regular",
      "price_candidates": [
        {
          "value": 49.99,
          "context": "offer",
          "type_hint": "offer"
        },
        {
          "value": 57.99,
          "context": "before",
          "type_hint": "before"
        },
        {
          "value": 13.0,
          "context": "discount",
          "type_hint": "unknown"
        }
      ],
      "confidence": "high",
      "page": 28,
      "tile": null,
      "original_price": null
    },
    {
      "product_name": "Parkside Akku-Kartuschenpresse 20 V",
      "brand": "Parkside",
      "variant": "Typ PKAP 20-Li A2",
      "offer_price": 32.99,
      "price_before": null,
      "uvp": null,
      "unit_price_value": null,
      "unit_price_per": null,
      "discount_percent": null,
      "pack_size_text": "Je Stück",
      "multi_buy_text": null,
      "lidl_plus": false,
      "lidl_plus_only": false,
      "other_badges": [
        "Ohne Akku/Ladegerät"
      ],
      "category": null,
      "action_type": "regular",
      "price_candidates": [
        {
          "value": 32.99,
          "context": "offer",
          "type_hint": "offer"
        }
      ],
      "confidence": "high",
      "page": 28,
      "tile": null,
      "original_price": null
    },
    {
      "product_name": "Parkside Schwing- und Multischleifer",
      "brand": "Parkside",
      "variant": "Typ PSS 270 C3",
      "offer_price": 19.99,
      "price_before": 26.99,
      "uvp": null,
      "unit_price_value": null,
      "unit_price_per": null,
      "discount_percent": 25.0,
      "pack_size_text": "Je Stück",
      "multi_buy_text": null,
      "lidl_plus": false,
      "lidl_plus_only": false,
      "other_badges": [
        "Nur online"
      ],
      "category": null,
      "action_type": "regular",
      "price_candidates": [
        {
          "value": 19.99,
          "context": "offer",
          "type_hint": "offer"
        },
        {
          "value": 26.99,
          "context": "before",
          "type_hint": "before"
        },
        {
          "value": 25.0,
          "context": "discount",
          "type_hint": "unknown"
        }
      ],
      "confidence": "high",
      "page": 28,
      "tile": null,
      "original_price": null
    },
    {
      "product_name": "Parkside Tauchsäge",
      "brand": "Parkside",
      "variant": "Typ PTSS 1200 D3",
      "offer_price": 64.99,
      "price_before": 99.99,
      "uvp": null,
      "unit_price_value": null,
      "unit_price_per": null,
      "discount_percent": 35.0,
      "pack_size_text": "Je Stück",
      "multi_buy_text": null,
      "lidl_plus": false,
      "lidl_plus_only": false,
      "other_badges": [
        "Nur online"
      ],
      "category": null,
      "action_type": "regular",
      "price_candidates": [
        {
          "value": 64.99,
          "context": "offer",
          "type_hint": "offer"
        },
        {
          "value": 99.99,
          "context": "before",
          "type_hint": "before"
        },
        {
          "value": 35.0,
          "context": "discount",
          "type_hint": "unknown"
        }
      ],
      "confidence": "high",
      "page": 28,
      "tile": null,
      "original_price": null
    },
    {
      "product_name": "Livarno Bad-Hochschrank",
      "brand": "Livarno",
      "variant": null,
      "offer_price": 49.99,
      "price_before": 57.99,
      "uvp": null,
      "unit_price_value": null,
      "unit_price_per": null,
      "discount_percent": 13.0,
      "pack_size_text": null,
      "multi_buy_text": null,
      "lidl_plus": false,
      "lidl_plus_only": false,
      "other_badges": [
        "Auch online"
      ],
      "category": null,
      "action_type": "regular",
      "price_candidates": [
        {
          "value": 49.99,
          "context": "offer",
          "type_hint": "offer"
        },
        {
          "value": 57.99,
          "context": "before",
          "type_hint": "before"
        },
        {
          "value": 13.0,
          "context": "discount",
          "type_hint": "unknown"
        }
      ],
      "confidence": "high",
      "page": 29,
      "tile": null,
      "original_price": null
    },
    {
      "product_name": "Livarno Waschbecken-Unterschrank",
      "brand": "Livarno",
      "variant": null,
      "offer_price": 29.99,
      "price_before": 37.99,
      "uvp": null,
      "unit_price_value": null,
      "unit_price_per": null,
      "discount_percent": 21.0,
      "pack_size_text": null,
      "multi_buy_text": null,
      "lidl_plus": false,
      "lidl_plus_only": false,
      "other_badges": [
        "Auch online"
      ],
      "category": null,
      "action_type": "regular",
      "price_candidates": [
        {
          "value": 29.99,
          "context": "offer",
          "type_hint": "offer"
        },
        {
          "value": 37.99,
          "context": "before",
          "type_hint": "before"
        },
        {
          "value": 21.0,
          "context": "discount",
          "type_hint": "unknown"
        }
      ],
      "confidence": "high",
      "page": 29,
      "tile": null,
      "original_price": null
    },
    {
      "product_name": "Livarno Nischen-Hochschrank",
      "brand": "Livarno",
      "variant": null,
      "offer_price": 29.99,
      "price_before": null,
      "uvp": null,
      "unit_price_value": null,
      "unit_price_per": null,
      "discount_percent": null,
      "pack_size_text": null,
      "multi_buy_text": null,
      "lidl_plus": false,
      "lidl_plus_only": false,
      "other_badges": [
        "Auch online"
      ],
      "category": null,
      "action_type": "regular",
      "price_candidates": [
        {
          "value": 29.99,
          "context": "offer",
          "type_hint": "offer"
        }
      ],
      "confidence": "high",
      "page": 29,
      "tile": null,
      "original_price": null
    },
    {
      "product_name": "Livarno Home Duroplast WC-Sitz",
      "brand": "Livarno",
      "variant": null,
      "offer_price": 12.99,
      "price_before": 21.99,
      "uvp": null,
      "unit_price_value": null,
      "unit_price_per": null,
      "discount_percent": 40.0,
      "pack_size_text": null,
      "multi_buy_text": null,
      "lidl_plus": false,
      "lidl_plus_only": false,
      "other_badges": [
        "Auch online"
      ],
      "category": null,
      "action_type": "regular",
      "price_candidates": [
        {
          "value": 12.99,
          "context": "offer",
          "type_hint": "offer"
        },
        {
          "value": 21.99,
          "context": "before",
          "type_hint": "before"
        },
        {
          "value": 40.0,
          "context": "discount",
          "type_hint": "unknown"
        }
      ],
      "confidence": "high",
      "page": 29,
      "tile": null,
      "original_price": null
    },
    {
      "product_name": "Livarno Raumklimastation mit Warnfunktion",
      "brand": "Livarno",
      "variant": null,
      "offer_price": 7.99,
      "price_before": 9.99,
      "uvp": null,
      "unit_price_value": null,
      "unit_price_per": null,
      "discount_percent": 20.0,
      "pack_size_text": null,
      "multi_buy_text": null,
      "lidl_plus": false,
      "lidl_plus_only": false,
      "other_badges": [
        "Auch online"
      ],
      "category": null,
      "action_type": "regular",
      "price_candidates": [
        {
          "value": 7.99,
          "context": "offer",
          "type_hint": "offer"
        },
        {
          "value": 9.99,
          "context": "before",
          "type_hint": "before"
        },
        {
          "value": 20.0,
          "context": "discount",
          "type_hint": "unknown"
        }
      ],
      "confidence": "high",
      "page": 29,
      "tile": null,
      "original_price": null
    },
    {
      "product_name": "Livarno LED-Badleuchte",
      "brand": "Livarno",
      "variant": null,
      "offer_price": 7.99,
      "price_before": 9.99,
      "uvp": null,
      "unit_price_value": null,
      "unit_price_per": null,
      "discount_percent": 20.0,
      "pack_size_text": null,
      "multi_buy_text": null,
      "lidl_plus": false,
      "lidl_plus_only": false,
      "other_badges": [
        "Auch online"
      ],
      "category": null,
      "action_type": "regular",
      "price_candidates": [
        {
          "value": 7.99,
          "context": "offer",
          "type_hint": "offer"
        },
        {
          "value": 9.99,
          "context": "before",
          "type_hint": "before"
        },
        {
          "value": 20.0,
          "context": "discount",
          "type_hint": "unknown"
        }
      ],
      "confidence": "high",
      "page": 29,
      "tile": null,
      "original_price": null
    },
    {
      "product_name": "Livarno Badematte",
      "brand": "Livarno",
      "variant": null,
      "offer_price": 3.99,
      "price_before": null,
      "uvp": null,
      "unit_price_value": null,
      "unit_price_per": null,
      "discount_percent": null,
      "pack_size_text": "ca. 50 x 80 cm",
      "multi_buy_text": null,
      "lidl_plus": false,
      "lidl_plus_only": false,
      "other_badges": [],
      "category": null,
      "action_type": "regular",
      "price_candidates": [
        {
          "value": 3.99,
          "context": "offer",
          "type_hint": "offer"
        }
      ],
      "confidence": "high",
      "page": 29,
      "tile": null,
      "original_price": null
    },
    {
      "product_name": "Livarno Frotier-Handtücher/Duschtuch",
      "brand": "Livarno",
      "variant": null,
      "offer_price": 7.99,
      "price_before": null,
      "uvp": null,
      "unit_price_value": null,
      "unit_price_per": null,
      "discount_percent": null,
      "pack_size_text": "Duschtuch: ca. 70 x 140 cm",
      "multi_buy_text": null,
      "lidl_plus": false,
      "lidl_plus_only": false,
      "other_badges": [],
      "category": null,
      "action_type": "regular",
      "price_candidates": [
        {
          "value": 7.99,
          "context": "offer",
          "type_hint": "offer"
        }
      ],
      "confidence": "high",
      "page": 29,
      "tile": null,
      "original_price": null
    },
    {
      "product_name": "Livarno Teleskop-Badregal",
      "brand": "Livarno",
      "variant": null,
      "offer_price": 19.99,
      "price_before": null,
      "uvp": null,
      "unit_price_value": null,
      "unit_price_per": null,
      "discount_percent": null,
      "pack_size_text": "Je Stück",
      "multi_buy_text": null,
      "lidl_plus": false,
      "lidl_plus_only": false,
      "other_badges": [
        "Auch online"
      ],
      "category": null,
      "action_type": "regular",
      "price_candidates": [
        {
          "value": 19.99,
          "context": "offer",
          "type_hint": "offer"
        }
      ],
      "confidence": "high",
      "page": 11,
      "tile": null,
      "original_price": null
    },
    {
      "product_name": "Livarno Bademantel",
      "brand": "Livarno",
      "variant": null,
      "offer_price": 8.99,
      "price_before": null,
      "uvp": null,
      "unit_price_value": null,
      "unit_price_per": null,
      "discount_percent": null,
      "pack_size_text": "Je Stück",
      "multi_buy_text": null,
      "lidl_plus": false,
      "lidl_plus_only": false,
      "other_badges": [
        "Für sie und ihn"
      ],
      "category": null,
      "action_type": "regular",
      "price_candidates": [
        {
          "value": 8.99,
          "context": "offer",
          "type_hint": "offer"
        }
      ],
      "confidence": "high",
      "page": 11,
      "tile": null,
      "original_price": null
    },
    {
      "product_name": "Cien Beauty LED-Kosmetikspiegel",
      "brand": "Cien",
      "variant": null,
      "offer_price": 14.99,
      "price_before": null,
      "uvp": null,
      "unit_price_value": null,
      "unit_price_per": null,
      "discount_percent": null,
      "pack_size_text": null,
      "multi_buy_text": null,
      "lidl_plus": false,
      "lidl_plus_only": false,
      "other_badges": [],
      "category": null,
      "action_type": "regular",
      "price_candidates": [
        {
          "value": 14.99,
          "context": "offer",
          "type_hint": "offer"
        }
      ],
      "confidence": "high",
      "page": 11,
      "tile": null,
      "original_price": null
    },
    {
      "product_name": "Remington Bartschneider",
      "brand": "Remington",
      "variant": null,
      "offer_price": 19.99,
      "price_before": null,
      "uvp": 51.99,
      "unit_price_value": null,
      "unit_price_per": null,
      "discount_percent": 61.0,
      "pack_size_text": "Je Stück",
      "multi_buy_text": null,
      "lidl_plus": false,
      "lidl_plus_only": false,
      "other_badges": [],
      "category": null,
      "action_type": "regular",
      "price_candidates": [
        {
          "value": 19.99,
          "context": "offer",
          "type_hint": "offer"
        },
        {
          "value": 51.99,
          "context": "UVP",
          "type_hint": "uvp"
        }
      ],
      "confidence": "high",
      "page": 11,
      "tile": null,
      "original_price": null
    },
    {
      "product_name": "Sanitas Maniküre-/Pediküre-Set",
      "brand": "Sanitas",
      "variant": null,
      "offer_price": 17.99,
      "price_before": null,
      "uvp": 55.99,
      "unit_price_value": null,
      "unit_price_per": null,
      "discount_percent": 67.0,
      "pack_size_text": null,
      "multi_buy_text": null,
      "lidl_plus": false,
      "lidl_plus_only": false,
      "other_badges": [
        "Auch online"
      ],
      "category": null,
      "action_type": "regular",
      "price_candidates": [
        {
          "value": 17.99,
          "context": "offer",
          "type_hint": "offer"
        },
        {
          "value": 55.99,
          "context": "UVP",
          "type_hint": "uvp"
        }
      ],
      "confidence": "high",
      "page": 11,
      "tile": null,
      "original_price": null
    },
    {
      "product_name": "Sansibar Frottierware",
      "brand": null,
      "variant": null,
      "offer_price": 9.99,
      "price_before": 14.99,
      "uvp": null,
      "unit_price_value": null,
      "unit_price_per": null,
      "discount_percent": 33.0,
      "pack_size_text": "2 Stück",
      "multi_buy_text": null,
      "lidl_plus": false,
      "lidl_plus_only": false,
      "other_badges": [
        "Nur online"
      ],
      "category": null,
      "action_type": "regular",
      "price_candidates": [
        {
          "value": 9.99,
          "context": "offer",
          "type_hint": "offer"
        },
        {
          "value": 14.99,
          "context": "before",
          "type_hint": "before"
        },
        {
          "value": 33.0,
          "context": "discount",
          "type_hint": "unknown"
        }
      ],
      "confidence": "high",
      "page": 31,
      "tile": null,
      "original_price": null
    },
    {
      "product_name": "Livarno Seitenschrank",
      "brand": null,
      "variant": null,
      "offer_price": 34.99,
      "price_before": 47.99,
      "uvp": null,
      "unit_price_value": null,
      "unit_price_per": null,
      "discount_percent": 27.0,
      "pack_size_text": "1 Stück",
      "multi_buy_text": null,
      "lidl_plus": false,
      "lidl_plus_only": false,
      "other_badges": [
        "Nur online"
      ],
      "category": null,
      "action_type": "regular",
      "price_candidates": [
        {
          "value": 34.99,
          "context": "offer",
          "type_hint": "offer"
        },
        {
          "value": 47.99,
          "context": "before",
          "type_hint": "before"
        },
        {
          "value": 27.0,
          "context": "discount",
          "type_hint": "unknown"
        }
      ],
      "confidence": "high",
      "page": 31,
      "tile": null,
      "original_price": null
    },
    {
      "product_name": "Remington Haartrockner",
      "brand": "Remington",
      "variant": "Typ AC5995 Pearl Pro Ionic",
      "offer_price": 19.99,
      "price_before": null,
      "uvp": 76.99,
      "unit_price_value": null,
      "unit_price_per": null,
      "discount_percent": 74.0,
      "pack_size_text": "1 Stück",
      "multi_buy_text": null,
      "lidl_plus": false,
      "lidl_plus_only": false,
      "other_badges": [
        "UVP"
      ],
      "category": null,
      "action_type": "regular",
      "price_candidates": [
        {
          "value": 19.99,
          "context": "offer",
          "type_hint": "offer"
        },
        {
          "value": 76.99,
          "context": "uvp",
          "type_hint": "uvp"
        },
        {
          "value": 74.0,
          "context": "discount",
          "type_hint": "unknown"
        }
      ],
      "confidence": "high",
      "page": 31,
      "tile": null,
      "original_price": null
    },
    {
      "product_name": "Ionen-Haarglätter",
      "brand": null,
      "variant": "Typ HRC 80 Rita Ora",
      "offer_price": 14.99,
      "price_before": 24.99,
      "uvp": null,
      "unit_price_value": null,
      "unit_price_per": null,
      "discount_percent": 40.0,
      "pack_size_text": "1 Stück",
      "multi_buy_text": null,
      "lidl_plus": false,
      "lidl_plus_only": false,
      "other_badges": [
        "Nur online"
      ],
      "category": null,
      "action_type": "regular",
      "price_candidates": [
        {
          "value": 14.99,
          "context": "offer",
          "type_hint": "offer"
        },
        {
          "value": 24.99,
          "context": "before",
          "type_hint": "before"
        },
        {
          "value": 40.0,
          "context": "discount",
          "type_hint": "unknown"
        }
      ],
      "confidence": "high",
      "page": 31,
      "tile": null,
      "original_price": null
    },
    {
      "product_name": "Oral-B Elektrische Zahnbürste",
      "brand": "Oral-B",
      "variant": "Typ 10 Simply Clean Ocean Blue",
      "offer_price": 39.99,
      "price_before": null,
      "uvp": 69.99,
      "unit_price_value": null,
      "unit_price_per": null,
      "discount_percent": 42.0,
      "pack_size_text": "1 Stück",
      "multi_buy_text": null,
      "lidl_plus": false,
      "lidl_plus_only": false,
      "other_badges": [
        "UVP"
      ],
      "category": null,
      "action_type": "regular",
      "price_candidates": [
        {
          "value": 39.99,
          "context": "offer",
          "type_hint": "offer"
        },
        {
          "value": 69.99,
          "context": "uvp",
          "type_hint": "uvp"
        },
        {
          "value": 42.0,
          "context": "discount",
          "type_hint": "unknown"
        }
      ],
      "confidence": "high",
      "page": 31,
      "tile": null,
      "original_price": null
    },
    {
      "product_name": "Sansibar Wohndecke",
      "brand": null,
      "variant": null,
      "offer_price": 19.99,
      "price_before": 23.99,
      "uvp": null,
      "unit_price_value": null,
      "unit_price_per": null,
      "discount_percent": 16.0,
      "pack_size_text": "1 Stück",
      "multi_buy_text": null,
      "lidl_plus": false,
      "lidl_plus_only": false,
      "other_badges": [
        "Nur online"
      ],
      "category": null,
      "action_type": "regular",
      "price_candidates": [
        {
          "value": 19.99,
          "context": "offer",
          "type_hint": "offer"
        },
        {
          "value": 23.99,
          "context": "before",
          "type_hint": "before"
        },
        {
          "value": 16.0,
          "context": "discount",
          "type_hint": "unknown"
        }
      ],
      "confidence": "high",
      "page": 31,
      "tile": null,
      "original_price": null
    },
    {
      "product_name": "Tronic Luftentfeuchter",
      "brand": "Tronic",
      "variant": "Typ 201 KAT TE 20.7",
      "offer_price": 119.0,
      "price_before": 149.0,
      "uvp": null,
      "unit_price_value": null,
      "unit_price_per": null,
      "discount_percent": 20.0,
      "pack_size_text": "1 Stück",
      "multi_buy_text": null,
      "lidl_plus": false,
      "lidl_plus_only": false,
      "other_badges": [
        "Nur online"
      ],
      "category": null,
      "action_type": "regular",
      "price_candidates": [
        {
          "value": 119.0,
          "context": "offer",
          "type_hint": "offer"
        },
        {
          "value": 149.0,
          "context": "before",
          "type_hint": "before"
        },
        {
          "value": 20.0,
          "context": "discount",
          "type_hint": "unknown"
        }
      ],
      "confidence": "high",
      "page": 31,
      "tile": null,
      "original_price": null
    },
    {
      "product_name": "10 € Extra für alle Neukunden",
      "brand": "Lidl Connect",
      "variant": null,
      "offer_price": 10.0,
      "price_before": null,
      "uvp": null,
      "unit_price_value": null,
      "unit_price_per": null,
      "discount_percent": null,
      "pack_size_text": null,
      "multi_buy_text": null,
      "lidl_plus": false,
      "lidl_plus_only": false,
      "other_badges": [],
      "category": null,
      "action_type": "regular",
      "price_candidates": [
        {
          "value": 10.0,
          "context": "Extra für alle Neukunden",
          "type_hint": "offer"
        }
      ],
      "confidence": "high",
      "page": 9,
      "tile": null,
      "original_price": null
    },
    {
      "product_name": "10 GB gratis",
      "brand": "Lidl Connect",
      "variant": null,
      "offer_price": null,
      "price_before": null,
      "uvp": null,
      "unit_price_value": null,
      "unit_price_per": null,
      "discount_percent": null,
      "pack_size_text": null,
      "multi_buy_text": null,
      "lidl_plus": false,
      "lidl_plus_only": false,
      "other_badges": [],
      "category": null,
      "action_type": "regular",
      "price_candidates": [
        {
          "value": 10.0,
          "context": "GB gratis",
          "type_hint": "unknown"
        }
      ],
      "confidence": "medium",
      "page": 9,
      "tile": null,
      "original_price": null
    },
    {
      "product_name": "10x Reisegewinne",
      "brand": "Lidl Connect",
      "variant": null,
      "offer_price": null,
      "price_before": null,
      "uvp": null,
      "unit_price_value": null,
      "unit_price_per": null,
      "discount_percent": null,
      "pack_size_text": null,
      "multi_buy_text": null,
      "lidl_plus": false,
      "lidl_plus_only": false,
      "other_badges": [],
      "category": null,
      "action_type": "regular",
      "price_candidates": [
        {
          "value": 10.0,
          "context": "Reisegewinne",
          "type_hint": "unknown"
        }
      ],
      "confidence": "medium",
      "page": 9,
      "tile": null,
      "original_price": null
    },
    {
      "product_name": "1x Traumurlaub im Wert von bis zu 5.000 €",
      "brand": null,
      "variant": null,
      "offer_price": null,
      "price_before": null,
      "uvp": 5000.0,
      "unit_price_value": null,
      "unit_price_per": null,
      "discount_percent": null,
      "pack_size_text": null,
      "multi_buy_text": null,
      "lidl_plus": false,
      "lidl_plus_only": false,
      "other_badges": [],
      "category": null,
      "action_type": "regular",
      "price_candidates": [
        {
          "value": 5000.0,
          "context": "im Wert von bis zu",
          "type_hint": "uvp"
        }
      ],
      "confidence": "medium",
      "page": 9,
      "tile": null,
      "original_price": null
    },
    {
      "product_name": "1x Familienurlaub im Wert von bis zu 1.500 €",
      "brand": null,
      "variant": null,
      "offer_price": null,
      "price_before": null,
      "uvp": 1500.0,
      "unit_price_value": null,
      "unit_price_per": null,
      "discount_percent": null,
      "pack_size_text": null,
      "multi_buy_text": null,
      "lidl_plus": false,
      "lidl_plus_only": false,
      "other_badges": [],
      "category": null,
      "action_type": "regular",
      "price_candidates": [
        {
          "value": 1500.0,
          "context": "im Wert von bis zu",
          "type_hint": "uvp"
        }
      ],
      "confidence": "medium",
      "page": 9,
      "tile": null,
      "original_price": null
    },
    {
      "product_name": "4x Ticket & Hotel Gutscheine für Therme Erding",
      "brand": null,
      "variant": null,
      "offer_price": null,
      "price_before": null,
      "uvp": null,
      "unit_price_value": null,
      "unit_price_per": null,
      "discount_percent": null,
      "pack_size_text": null,
      "multi_buy_text": null,
      "lidl_plus": false,
      "lidl_plus_only": false,
      "other_badges": [],
      "category": null,
      "action_type": "regular",
      "price_candidates": [],
      "confidence": "low",
      "page": 9,
      "tile": null,
      "original_price": null
    },
    {
      "product_name": "4x Ticket & Hotel Gutscheine für Tropical Islands",
      "brand": null,
      "variant": null,
      "offer_price": null,
      "price_before": null,
      "uvp": null,
      "unit_price_value": null,
      "unit_price_per": null,
      "discount_percent": null,
      "pack_size_text": null,
      "multi_buy_text": null,
      "lidl_plus": false,
      "lidl_plus_only": false,
      "other_badges": [],
      "category": null,
      "action_type": "regular",
      "price_candidates": [],
      "confidence": "low",
      "page": 9,
      "tile": null,
      "original_price": null
    },
    {
      "product_name": "Kapuzensweatshirt",
      "brand": "Minecraft",
      "variant": null,
      "offer_price": 8.99,
      "price_before": 11.99,
      "uvp": null,
      "unit_price_value": null,
      "unit_price_per": null,
      "discount_percent": 25.0,
      "pack_size_text": "je Stück",
      "multi_buy_text": null,
      "lidl_plus": false,
      "lidl_plus_only": false,
      "other_badges": [],
      "category": null,
      "action_type": "regular",
      "price_candidates": [
        {
          "value": 8.99,
          "context": "Angebotspreis",
          "type_hint": "offer"
        },
        {
          "value": 11.99,
          "context": "Vorher",
          "type_hint": "before"
        },
        {
          "value": 25.0,
          "context": "Rabatt",
          "type_hint": "unknown"
        }
      ],
      "confidence": "high",
      "page": 33,
      "tile": null,
      "original_price": null
    },
    {
      "product_name": "Jogginghose",
      "brand": "Minecraft",
      "variant": null,
      "offer_price": 7.99,
      "price_before": 9.99,
      "uvp": null,
      "unit_price_value": null,
      "unit_price_per": null,
      "discount_percent": 20.0,
      "pack_size_text": "je Stück",
      "multi_buy_text": null,
      "lidl_plus": false,
      "lidl_plus_only": false,
      "other_badges": [],
      "category": null,
      "action_type": "regular",
      "price_candidates": [
        {
          "value": 7.99,
          "context": "Angebotspreis",
          "type_hint": "offer"
        },
        {
          "value": 9.99,
          "context": "Vorher",
          "type_hint": "before"
        },
        {
          "value": 20.0,
          "context": "Rabatt",
          "type_hint": "unknown"
        }
      ],
      "confidence": "high",
      "page": 33,
      "tile": null,
      "original_price": null
    },
    {
      "product_name": "T-Shirt",
      "brand": "Minecraft",
      "variant": null,
      "offer_price": 3.99,
      "price_before": 4.99,
      "uvp": null,
      "unit_price_value": null,
      "unit_price_per": null,
      "discount_percent": 20.0,
      "pack_size_text": "je Stück",
      "multi_buy_text": null,
      "lidl_plus": false,
      "lidl_plus_only": false,
      "other_badges": [],
      "category": null,
      "action_type": "regular",
      "price_candidates": [
        {
          "value": 3.99,
          "context": "Angebotspreis",
          "type_hint": "offer"
        },
        {
          "value": 4.99,
          "context": "Vorher",
          "type_hint": "before"
        },
        {
          "value": 20.0,
          "context": "Rabatt",
          "type_hint": "unknown"
        }
      ],
      "confidence": "high",
      "page": 33,
      "tile": null,
      "original_price": null
    },
    {
      "product_name": "Boxer",
      "brand": "Minecraft",
      "variant": null,
      "offer_price": 4.99,
      "price_before": 6.99,
      "uvp": null,
      "unit_price_value": null,
      "unit_price_per": null,
      "discount_percent": 28.0,
      "pack_size_text": "2 Stück",
      "multi_buy_text": null,
      "lidl_plus": false,
      "lidl_plus_only": false,
      "other_badges": [],
      "category": null,
      "action_type": "regular",
      "price_candidates": [
        {
          "value": 4.99,
          "context": "Angebotspreis",
          "type_hint": "offer"
        },
        {
          "value": 6.99,
          "context": "Vorher",
          "type_hint": "before"
        },
        {
          "value": 28.0,
          "context": "Rabatt",
          "type_hint": "unknown"
        }
      ],
      "confidence": "high",
      "page": 33,
      "tile": null,
      "original_price": null
    },
    {
      "product_name": "Schlafanzug",
      "brand": "Minecraft",
      "variant": null,
      "offer_price": 8.99,
      "price_before": null,
      "uvp": null,
      "unit_price_value": null,
      "unit_price_per": null,
      "discount_percent": 30.0,
      "pack_size_text": "je Stück",
      "multi_buy_text": null,
      "lidl_plus": false,
      "lidl_plus_only": false,
      "other_badges": [],
      "category": null,
      "action_type": "regular",
      "price_candidates": [
        {
          "value": 8.99,
          "context": "Angebotspreis",
          "type_hint": "offer"
        },
        {
          "value": 30.0,
          "context": "Rabatt",
          "type_hint": "unknown"
        }
      ],
      "confidence": "high",
      "page": 33,
      "tile": null,
      "original_price": null
    },
    {
      "product_name": "Minecraft Fackellampe",
      "brand": null,
      "variant": null,
      "offer_price": 14.99,
      "price_before": null,
      "uvp": 39.99,
      "unit_price_value": null,
      "unit_price_per": null,
      "discount_percent": 62.0,
      "pack_size_text": "je Stück",
      "multi_buy_text": null,
      "lidl_plus": false,
      "lidl_plus_only": false,
      "other_badges": [],
      "category": null,
      "action_type": "regular",
      "price_candidates": [
        {
          "value": 14.99,
          "context": "Angebotspreis",
          "type_hint": "offer"
        },
        {
          "value": 39.99,
          "context": "UVP",
          "type_hint": "uvp"
        },
        {
          "value": 62.0,
          "context": "Rabatt",
          "type_hint": "unknown"
        }
      ],
      "confidence": "high",
      "page": 33,
      "tile": null,
      "original_price": null
    },
    {
      "product_name": "Hn8 Schlafsysteme Matratzen-Topper",
      "brand": "Hn8",
      "variant": "Modell „Surf 100“: Mit 7-Zonen Gelschaum-Kern, Cool-Effect Bezug",
      "offer_price": 99.99,
      "price_before": null,
      "uvp": null,
      "unit_price_value": null,
      "unit_price_per": null,
      "discount_percent": null,
      "pack_size_text": "1 Stück",
      "multi_buy_text": null,
      "lidl_plus": false,
      "lidl_plus_only": false,
      "other_badges": [
        "Nur online"
      ],
      "category": null,
      "action_type": "regular",
      "price_candidates": [
        {
          "value": 99.99,
          "context": "Lidl Ratenzahlung",
          "type_hint": "offer"
        },
        {
          "value": 12.32,
          "context": "Laufzeit 9 Monate",
          "type_hint": "unit"
        }
      ],
      "confidence": "high",
      "page": 13,
      "tile": null,
      "original_price": null
    },
    {
      "product_name": "Hn8 Schlafsysteme 7-Zonen Taschenfederkernmatratze",
      "brand": "Hn8",
      "variant": "Modell „XXL Gelstar T-1000“",
      "offer_price": 179.0,
      "price_before": null,
      "uvp": null,
      "unit_price_value": null,
      "unit_price_per": null,
      "discount_percent": null,
      "pack_size_text": "1 Stück",
      "multi_buy_text": null,
      "lidl_plus": false,
      "lidl_plus_only": false,
      "other_badges": [
        "Nur online"
      ],
      "category": null,
      "action_type": "regular",
      "price_candidates": [
        {
          "value": 179.0,
          "context": "Lidl Ratenzahlung",
          "type_hint": "offer"
        },
        {
          "value": 16.35,
          "context": "Laufzeit 12 Monate",
          "type_hint": "unit"
        }
      ],
      "confidence": "high",
      "page": 13,
      "tile": null,
      "original_price": null
    },
    {
      "product_name": "Irisette Matratze Smart HS",
      "brand": null,
      "variant": "Elastischer Sitzkomfort, Intensive Luftzirkulation",
      "offer_price": 136.0,
      "price_before": null,
      "uvp": null,
      "unit_price_value": null,
      "unit_price_per": null,
      "discount_percent": null,
      "pack_size_text": "3 Stück",
      "multi_buy_text": null,
      "lidl_plus": false,
      "lidl_plus_only": false,
      "other_badges": [
        "Nur online"
      ],
      "category": null,
      "action_type": "regular",
      "price_candidates": [
        {
          "value": 136.0,
          "context": "Lidl Ratenzahlung",
          "type_hint": "offer"
        },
        {
          "value": 12.55,
          "context": "Laufzeit 18 Monate",
          "type_hint": "unit"
        }
      ],
      "confidence": "high",
      "page": 13,
      "tile": null,
      "original_price": null
    },
    {
      "product_name": "Baldette Premium Feder-/Daunen-Kopfkissen/-Kassettenbettdecke",
      "brand": "Baldette",
      "variant": "Modell „Elegance“: Bezug: reine Baumwolle",
      "offer_price": 24.99,
      "price_before": null,
      "uvp": 59.0,
      "unit_price_value": null,
      "unit_price_per": null,
      "discount_percent": 57.0,
      "pack_size_text": "Kissen: 70 % Federn, 30 % Daunen",
      "multi_buy_text": null,
      "lidl_plus": false,
      "lidl_plus_only": false,
      "other_badges": [
        "Nur online"
      ],
      "category": null,
      "action_type": "regular",
      "price_candidates": [
        {
          "value": 24.99,
          "context": "Kissen ca. 80 x 40 cm",
          "type_hint": "offer"
        },
        {
          "value": 59.0,
          "context": "UVP",
          "type_hint": "uvp"
        }
      ],
      "confidence": "high",
      "page": 13,
      "tile": null,
      "original_price": null
    },
    {
      "product_name": "Bettdecke (warm)",
      "brand": null,
      "variant": "ca. 135 x 200 cm",
      "offer_price": 89.99,
      "price_before": null,
      "uvp": null,
      "unit_price_value": null,
      "unit_price_per": null,
      "discount_percent": 69.0,
      "pack_size_text": "Decke: 90 % Daunen, 10 % Federn, 1 Stück",
      "multi_buy_text": null,
      "lidl_plus": false,
      "lidl_plus_only": false,
      "other_badges": [
        "Nur online"
      ],
      "category": null,
      "action_type": "regular",
      "price_candidates": [
        {
          "value": 89.99,
          "context": "Lidl Ratenzahlung",
          "type_hint": "offer"
        },
        {
          "value": 16.51,
          "context": "Laufzeit 6 Monate",
          "type_hint": "unit"
        }
      ],
      "confidence": "high",
      "page": 13,
      "tile": null,
      "original_price": null
    },
    {
      "product_name": "Singer Nähmaschine",
      "brand": "Singer",
      "variant": "Typ „2282 Tradition“",
      "offer_price": 149.0,
      "price_before": null,
      "uvp": 349.0,
      "unit_price_value": null,
      "unit_price_per": null,
      "discount_percent": 57.0,
      "pack_size_text": null,
      "multi_buy_text": null,
      "lidl_plus": false,
      "lidl_plus_only": false,
      "other_badges": [
        "Extra hoher Nähfußhub",
        "Auch online"
      ],
      "category": null,
      "action_type": "regular",
      "price_candidates": [
        {
          "value": 149.0,
          "context": "Angebotspreis",
          "type_hint": "offer"
        },
        {
          "value": 349.0,
          "context": "UVP",
          "type_hint": "uvp"
        },
        {
          "value": 57.0,
          "context": "Rabatt",
          "type_hint": "unknown"
        }
      ],
      "confidence": "high",
      "page": 35,
      "tile": null,
      "original_price": null
    },
    {
      "product_name": "Topmove® Nähmaschinentasche",
      "brand": "Topmove",
      "variant": null,
      "offer_price": 12.99,
      "price_before": null,
      "uvp": null,
      "unit_price_value": null,
      "unit_price_per": null,
      "discount_percent": null,
      "pack_size_text": "Je Stück",
      "multi_buy_text": null,
      "lidl_plus": false,
      "lidl_plus_only": false,
      "other_badges": [
        "Auch mit umlaufender Öffnung erhältlich"
      ],
      "category": null,
      "action_type": "regular",
      "price_candidates": [
        {
          "value": 12.99,
          "context": "Angebotspreis",
          "type_hint": "offer"
        }
      ],
      "confidence": "high",
      "page": 35,
      "tile": null,
      "original_price": null
    },
    {
      "product_name": "Crelando® Nähartikel-Sortiment",
      "brand": "Crelando",
      "variant": null,
      "offer_price": 1.49,
      "price_before": null,
      "uvp": null,
      "unit_price_value": null,
      "unit_price_per": null,
      "discount_percent": null,
      "pack_size_text": "Je Stück/Set",
      "multi_buy_text": null,
      "lidl_plus": false,
      "lidl_plus_only": false,
      "other_badges": [
        "Weitere Varianten erhältlich"
      ],
      "category": null,
      "action_type": "regular",
      "price_candidates": [
        {
          "value": 1.49,
          "context": "Angebotspreis",
          "type_hint": "offer"
        },
        {
          "value": 0.07,
          "context": "1 m =",
          "type_hint": "unit"
        }
      ],
      "confidence": "high",
      "page": 35,
      "tile": null,
      "original_price": null
    },
    {
      "product_name": "Crelando® Schneidematte mit Zubehör",
      "brand": "Crelando",
      "variant": "31-teilig",
      "offer_price": 14.99,
      "price_before": null,
      "uvp": null,
      "unit_price_value": null,
      "unit_price_per": null,
      "discount_percent": null,
      "pack_size_text": "Je Set",
      "multi_buy_text": null,
      "lidl_plus": false,
      "lidl_plus_only": false,
      "other_badges": [],
      "category": null,
      "action_type": "regular",
      "price_candidates": [
        {
          "value": 14.99,
          "context": "Angebotspreis",
          "type_hint": "offer"
        }
      ],
      "confidence": "high",
      "page": 35,
      "tile": null,
      "original_price": null
    },
    {
      "product_name": "Crelando® Nähzubehör-Aufbewahrungsbox",
      "brand": "Crelando",
      "variant": null,
      "offer_price": 5.99,
      "price_before": 7.99,
      "uvp": null,
      "unit_price_value": null,
      "unit_price_per": null,
      "discount_percent": 25.0,
      "pack_size_text": "Je Stück",
      "multi_buy_text": null,
      "lidl_plus": false,
      "lidl_plus_only": false,
      "other_badges": [
        "Auch online"
      ],
      "category": null,
      "action_type": "regular",
      "price_candidates": [
        {
          "value": 5.99,
          "context": "Angebotspreis",
          "type_hint": "offer"
        },
        {
          "value": 7.99,
          "context": "Vorher",
          "type_hint": "before"
        },
        {
          "value": 25.0,
          "context": "Rabatt",
          "type_hint": "unknown"
        }
      ],
      "confidence": "high",
      "page": 35,
      "tile": null,
      "original_price": null
    },
    {
      "product_name": "Kinder-Kostüm",
      "brand": null,
      "variant": "100 % Polyester, Größen: 110/116–134/140, Je Set",
      "offer_price": 7.19,
      "price_before": null,
      "uvp": null,
      "unit_price_value": null,
      "unit_price_per": null,
      "discount_percent": null,
      "pack_size_text": null,
      "multi_buy_text": null,
      "lidl_plus": false,
      "lidl_plus_only": false,
      "other_badges": [],
      "category": null,
      "action_type": "regular",
      "price_candidates": [
        {
          "value": 7.19,
          "context": "Je Set",
          "type_hint": "offer"
        }
      ],
      "confidence": "high",
      "page": 15,
      "tile": null,
      "original_price": null
    },
    {
      "product_name": "Party Factory Gesichts-Tattoo",
      "brand": "Party Factory",
      "variant": "Je Set",
      "offer_price": 3.99,
      "price_before": 5.99,
      "uvp": null,
      "unit_price_value": null,
      "unit_price_per": null,
      "discount_percent": 33.0,
      "pack_size_text": "2er-Set",
      "multi_buy_text": null,
      "lidl_plus": false,
      "lidl_plus_only": false,
      "other_badges": [],
      "category": null,
      "action_type": "regular",
      "price_candidates": [
        {
          "value": 3.99,
          "context": "Je Set",
          "type_hint": "offer"
        },
        {
          "value": 5.99,
          "context": "UVP",
          "type_hint": "before"
        },
        {
          "value": 33.0,
          "context": "-33%",
          "type_hint": "unknown"
        }
      ],
      "confidence": "high",
      "page": 15,
      "tile": null,
      "original_price": null
    },
    {
      "product_name": "Kinder-Umhang",
      "brand": null,
      "variant": "Mit Klettverschluss, 100 % Polyester, Größen: 98/110, Je Stück",
      "offer_price": 4.99,
      "price_before": null,
      "uvp": null,
      "unit_price_value": null,
      "unit_price_per": null,
      "discount_percent": null,
      "pack_size_text": null,
      "multi_buy_text": null,
      "lidl_plus": false,
      "lidl_plus_only": false,
      "other_badges": [
        "Tiefpreis Garantie"
      ],
      "category": null,
      "action_type": "regular",
      "price_candidates": [
        {
          "value": 4.99,
          "context": "Je Stück",
          "type_hint": "offer"
        }
      ],
      "confidence": "high",
      "page": 15,
      "tile": null,
      "original_price": null
    },
    {
      "product_name": "Livarno Home Folienballon/Partyartikel",
      "brand": "Livarno Home",
      "variant": "Folienballons mit Luft befüllbar, Je Stück/Set",
      "offer_price": 0.67,
      "price_before": null,
      "uvp": null,
      "unit_price_value": null,
      "unit_price_per": null,
      "discount_percent": 33.0,
      "pack_size_text": "2 Stück je ca. Ø 5 cm (aufgeblasen)",
      "multi_buy_text": "Mit Lidl Plus ab 3 Stück/Sets",
      "lidl_plus": true,
      "lidl_plus_only": false,
      "other_badges": [],
      "category": null,
      "action_type": "lidl_plus",
      "price_candidates": [
        {
          "value": 0.67,
          "context": "Je Stück/Set",
          "type_hint": "offer"
        },
        {
          "value": 33.0,
          "context": "-33%",
          "type_hint": "unknown"
        }
      ],
      "confidence": "high",
      "page": 15,
      "tile": null,
      "original_price": null
    },
    {
      "product_name": "Party Factory Ballongas",
      "brand": "Party Factory",
      "variant": "Helium-Einwegzylinder mit Füllventil, Helium-Flasche mit 6,8 l (0,2 m³ Helium), Ausgelegt in Deutsch",
      "offer_price": 15.99,
      "price_before": 29.95,
      "uvp": null,
      "unit_price_value": null,
      "unit_price_per": null,
      "discount_percent": 46.0,
      "pack_size_text": "Für bis zu 30 Ballons",
      "multi_buy_text": null,
      "lidl_plus": false,
      "lidl_plus_only": false,
      "other_badges": [
        "Tiefpreis Garantie"
      ],
      "category": null,
      "action_type": "regular",
      "price_candidates": [
        {
          "value": 15.99,
          "context": "Je Set",
          "type_hint": "offer"
        },
        {
          "value": 29.95,
          "context": "UVP",
          "type_hint": "before"
        },
        {
          "value": 46.0,
          "context": "-46%",
          "type_hint": "unknown"
        }
      ],
      "confidence": "high",
      "page": 15,
      "tile": null,
      "original_price": null
    },
    {
      "product_name": "Esmara Nicki-Hausanzug",
      "brand": "Esmara",
      "variant": null,
      "offer_price": 9.99,
      "price_before": 14.99,
      "uvp": null,
      "unit_price_value": null,
      "unit_price_per": null,
      "discount_percent": 33.0,
      "pack_size_text": null,
      "multi_buy_text": null,
      "lidl_plus": false,
      "lidl_plus_only": false,
      "other_badges": [
        "Tiefpreis Garantie",
        "Auch online"
      ],
      "category": null,
      "action_type": "regular",
      "price_candidates": [
        {
          "value": 9.99,
          "context": "offer",
          "type_hint": "offer"
        },
        {
          "value": 14.99,
          "context": "before",
          "type_hint": "before"
        },
        {
          "value": 33.0,
          "context": "discount",
          "type_hint": "unknown"
        }
      ],
      "confidence": "high",
      "page": 1,
      "tile": null,
      "original_price": null
    },
    {
      "product_name": "Esmara Gerippter Strickpullover",
      "brand": "Esmara",
      "variant": null,
      "offer_price": 8.99,
      "price_before": null,
      "uvp": null,
      "unit_price_value": null,
      "unit_price_per": null,
      "discount_percent": null,
      "pack_size_text": null,
      "multi_buy_text": null,
      "lidl_plus": false,
      "lidl_plus_only": false,
      "other_badges": [
        "Auch online"
      ],
      "category": null,
      "action_type": "regular",
      "price_candidates": [
        {
          "value": 8.99,
          "context": "offer",
          "type_hint": "offer"
        }
      ],
      "confidence": "high",
      "page": 1,
      "tile": null,
      "original_price": null
    },
    {
      "product_name": "Esmara 2 Leggings",
      "brand": "Esmara",
      "variant": null,
      "offer_price": 6.99,
      "price_before": null,
      "uvp": null,
      "unit_price_value": null,
      "unit_price_per": null,
      "discount_percent": null,
      "pack_size_text": null,
      "multi_buy_text": null,
      "lidl_plus": false,
      "lidl_plus_only": false,
      "other_badges": [
        "Auch online"
      ],
      "category": null,
      "action_type": "regular",
      "price_candidates": [
        {
          "value": 6.99,
          "context": "offer",
          "type_hint": "offer"
        }
      ],
      "confidence": "high",
      "page": 1,
      "tile": null,
      "original_price": null
    },
    {
      "product_name": "Esmara Velours-Leggings",
      "brand": "Esmara",
      "variant": null,
      "offer_price": 5.99,
      "price_before": 7.99,
      "uvp": null,
      "unit_price_value": null,
      "unit_price_per": null,
      "discount_percent": 25.0,
      "pack_size_text": null,
      "multi_buy_text": null,
      "lidl_plus": false,
      "lidl_plus_only": false,
      "other_badges": [],
      "category": null,
      "action_type": "regular",
      "price_candidates": [
        {
          "value": 5.99,
          "context": "offer",
          "type_hint": "offer"
        },
        {
          "value": 7.99,
          "context": "before",
          "type_hint": "before"
        },
        {
          "value": 25.0,
          "context": "discount",
          "type_hint": "unknown"
        }
      ],
      "confidence": "high",
      "page": 1,
      "tile": null,
      "original_price": null
    },
    {
      "product_name": "Esmara Sweathose",
      "brand": "Esmara",
      "variant": null,
      "offer_price": 7.49,
      "price_before": null,
      "uvp": null,
      "unit_price_value": null,
      "unit_price_per": null,
      "discount_percent": null,
      "pack_size_text": null,
      "multi_buy_text": null,
      "lidl_plus": false,
      "lidl_plus_only": false,
      "other_badges": [
        "Auch online"
      ],
      "category": null,
      "action_type": "regular",
      "price_candidates": [
        {
          "value": 7.49,
          "context": "offer",
          "type_hint": "offer"
        }
      ],
      "confidence": "high",
      "page": 1,
      "tile": null,
      "original_price": null
    },
    {
      "product_name": "Mexx Slips",
      "brand": "Mexx",
      "variant": null,
      "offer_price": 9.99,
      "price_before": null,
      "uvp": 29.95,
      "unit_price_value": null,
      "unit_price_per": null,
      "discount_percent": 66.0,
      "pack_size_text": null,
      "multi_buy_text": null,
      "lidl_plus": false,
      "lidl_plus_only": false,
      "other_badges": [],
      "category": null,
      "action_type": "regular",
      "price_candidates": [
        {
          "value": 9.99,
          "context": "offer",
          "type_hint": "offer"
        },
        {
          "value": 29.95,
          "context": "uvp",
          "type_hint": "uvp"
        },
        {
          "value": 66.0,
          "context": "discount",
          "type_hint": "unknown"
        }
      ],
      "confidence": "high",
      "page": 1,
      "tile": null,
      "original_price": null
    },
    {
      "product_name": "Mexx 2 T-Shirts",
      "brand": "Mexx",
      "variant": null,
      "offer_price": 12.99,
      "price_before": null,
      "uvp": 39.95,
      "unit_price_value": null,
      "unit_price_per": null,
      "discount_percent": 67.0,
      "pack_size_text": "Größen: M-XL, 2 Stück",
      "multi_buy_text": null,
      "lidl_plus": false,
      "lidl_plus_only": false,
      "other_badges": [],
      "category": null,
      "action_type": "regular",
      "price_candidates": [
        {
          "value": 12.99,
          "context": "offer",
          "type_hint": "offer"
        },
        {
          "value": 39.95,
          "context": "UVP",
          "type_hint": "uvp"
        },
        {
          "value": 67.0,
          "context": "discount",
          "type_hint": "unknown"
        }
      ],
      "confidence": "high",
      "page": 38,
      "tile": null,
      "original_price": null
    },
    {
      "product_name": "Mexx 2 Boxershorts",
      "brand": "Mexx",
      "variant": null,
      "offer_price": 7.99,
      "price_before": null,
      "uvp": 39.95,
      "unit_price_value": null,
      "unit_price_per": null,
      "discount_percent": 80.0,
      "pack_size_text": "Größen: M-XXL, 2 Stück",
      "multi_buy_text": null,
      "lidl_plus": false,
      "lidl_plus_only": false,
      "other_badges": [],
      "category": null,
      "action_type": "regular",
      "price_candidates": [
        {
          "value": 7.99,
          "context": "offer",
          "type_hint": "offer"
        },
        {
          "value": 39.95,
          "context": "UVP",
          "type_hint": "uvp"
        },
        {
          "value": 80.0,
          "context": "discount",
          "type_hint": "unknown"
        }
      ],
      "confidence": "high",
      "page": 38,
      "tile": null,
      "original_price": null
    },
    {
      "product_name": "Mexx 3 Paar Socken",
      "brand": "Mexx",
      "variant": null,
      "offer_price": 4.99,
      "price_before": null,
      "uvp": 14.95,
      "unit_price_value": null,
      "unit_price_per": null,
      "discount_percent": 66.0,
      "pack_size_text": "Größen: 39/42-43/46, 3 Paar",
      "multi_buy_text": null,
      "lidl_plus": false,
      "lidl_plus_only": false,
      "other_badges": [],
      "category": null,
      "action_type": "regular",
      "price_candidates": [
        {
          "value": 4.99,
          "context": "offer",
          "type_hint": "offer"
        },
        {
          "value": 14.95,
          "context": "UVP",
          "type_hint": "uvp"
        },
        {
          "value": 66.0,
          "context": "discount",
          "type_hint": "unknown"
        }
      ],
      "confidence": "high",
      "page": 38,
      "tile": null,
      "original_price": null
    },
    {
      "product_name": "Esmara Men Troyer",
      "brand": "Esmara",
      "variant": null,
      "offer_price": 12.99,
      "price_before": 16.99,
      "uvp": null,
      "unit_price_value": null,
      "unit_price_per": null,
      "discount_percent": 23.0,
      "pack_size_text": "Größen: M (48/50)-XL (56/58), Je Stück",
      "multi_buy_text": null,
      "lidl_plus": false,
      "lidl_plus_only": false,
      "other_badges": [
        "Auch online"
      ],
      "category": null,
      "action_type": "regular",
      "price_candidates": [
        {
          "value": 12.99,
          "context": "offer",
          "type_hint": "offer"
        },
        {
          "value": 16.99,
          "context": "before",
          "type_hint": "before"
        },
        {
          "value": 23.0,
          "context": "discount",
          "type_hint": "unknown"
        }
      ],
      "confidence": "high",
      "page": 38,
      "tile": null,
      "original_price": null
    },
    {
      "product_name": "Esmara Men Sweatshose",
      "brand": "Esmara",
      "variant": null,
      "offer_price": 7.49,
      "price_before": null,
      "uvp": null,
      "unit_price_value": null,
      "unit_price_per": null,
      "discount_percent": null,
      "pack_size_text": "Größen: M (48/50)-XL (56/58), Je Stück",
      "multi_buy_text": null,
      "lidl_plus": false,
      "lidl_plus_only": false,
      "other_badges": [
        "Auch online"
      ],
      "category": null,
      "action_type": "regular",
      "price_candidates": [
        {
          "value": 7.49,
          "context": "offer",
          "type_hint": "offer"
        }
      ],
      "confidence": "high",
      "page": 38,
      "tile": null,
      "original_price": null
    },
    {
      "product_name": "Esmara Men Cargo-Joggers",
      "brand": "Esmara",
      "variant": null,
      "offer_price": 12.99,
      "price_before": 16.99,
      "uvp": null,
      "unit_price_value": null,
      "unit_price_per": null,
      "discount_percent": 23.0,
      "pack_size_text": "Größen: M (48/50)-XL (56/58), Je Stück",
      "multi_buy_text": null,
      "lidl_plus": false,
      "lidl_plus_only": false,
      "other_badges": [
        "Auch online"
      ],
      "category": null,
      "action_type": "regular",
      "price_candidates": [
        {
          "value": 12.99,
          "context": "offer",
          "type_hint": "offer"
        },
        {
          "value": 16.99,
          "context": "before",
          "type_hint": "before"
        },
        {
          "value": 23.0,
          "context": "discount",
          "type_hint": "unknown"
        }
      ],
      "confidence": "high",
      "page": 38,
      "tile": null,
      "original_price": null
    },
    {
      "product_name": "Lupilu® Baby-Strickjacke/-Strickhose",
      "brand": "Lupilu",
      "variant": null,
      "offer_price": 5.99,
      "price_before": 7.99,
      "uvp": null,
      "unit_price_value": null,
      "unit_price_per": null,
      "discount_percent": 25.0,
      "pack_size_text": "2 Stück",
      "multi_buy_text": null,
      "lidl_plus": false,
      "lidl_plus_only": false,
      "other_badges": [
        "Auch online"
      ],
      "category": null,
      "action_type": "regular",
      "price_candidates": [
        {
          "value": 5.99,
          "context": "Hose",
          "type_hint": "offer"
        },
        {
          "value": 7.99,
          "context": "Hose",
          "type_hint": "before"
        }
      ],
      "confidence": "high",
      "page": 39,
      "tile": null,
      "original_price": null
    },
    {
      "product_name": "Lupilu® Baby-Crinklekleid",
      "brand": "Lupilu",
      "variant": null,
      "offer_price": 4.99,
      "price_before": 6.99,
      "uvp": null,
      "unit_price_value": null,
      "unit_price_per": null,
      "discount_percent": 28.0,
      "pack_size_text": "2 Stück",
      "multi_buy_text": null,
      "lidl_plus": false,
      "lidl_plus_only": false,
      "other_badges": [
        "Auch online"
      ],
      "category": null,
      "action_type": "regular",
      "price_candidates": [
        {
          "value": 4.99,
          "context": "Crinklekleid",
          "type_hint": "offer"
        },
        {
          "value": 6.99,
          "context": "Crinklekleid",
          "type_hint": "before"
        }
      ],
      "confidence": "high",
      "page": 39,
      "tile": null,
      "original_price": null
    },
    {
      "product_name": "Lupilu® Baby-Bodys",
      "brand": "Lupilu",
      "variant": null,
      "offer_price": 4.99,
      "price_before": 6.99,
      "uvp": null,
      "unit_price_value": null,
      "unit_price_per": null,
      "discount_percent": 28.0,
      "pack_size_text": "2 Stück",
      "multi_buy_text": null,
      "lidl_plus": false,
      "lidl_plus_only": false,
      "other_badges": [
        "Auch online"
      ],
      "category": null,
      "action_type": "regular",
      "price_candidates": [
        {
          "value": 4.99,
          "context": "Baby-Bodys",
          "type_hint": "offer"
        },
        {
          "value": 6.99,
          "context": "Baby-Bodys",
          "type_hint": "before"
        }
      ],
      "confidence": "high",
      "page": 39,
      "tile": null,
      "original_price": null
    },
    {
      "product_name": "Lupilu® Baby-Leder-Krabbelschuhe",
      "brand": "Lupilu",
      "variant": null,
      "offer_price": 9.99,
      "price_before": 12.99,
      "uvp": null,
      "unit_price_value": null,
      "unit_price_per": null,
      "discount_percent": 23.0,
      "pack_size_text": "Je Paar",
      "multi_buy_text": null,
      "lidl_plus": false,
      "lidl_plus_only": false,
      "other_badges": [
        "Auch online"
      ],
      "category": null,
      "action_type": "regular",
      "price_candidates": [
        {
          "value": 9.99,
          "context": "Krabbelschuhe",
          "type_hint": "offer"
        },
        {
          "value": 12.99,
          "context": "Krabbelschuhe",
          "type_hint": "before"
        }
      ],
      "confidence": "high",
      "page": 39,
      "tile": null,
      "original_price": null
    },
    {
      "product_name": "Lupilu® Gerippte Baby-Socken",
      "brand": "Lupilu",
      "variant": null,
      "offer_price": 2.99,
      "price_before": 3.99,
      "uvp": null,
      "unit_price_value": null,
      "unit_price_per": null,
      "discount_percent": 25.0,
      "pack_size_text": "5 Paar",
      "multi_buy_text": null,
      "lidl_plus": false,
      "lidl_plus_only": false,
      "other_badges": [
        "Auch online"
      ],
      "category": null,
      "action_type": "regular",
      "price_candidates": [
        {
          "value": 2.99,
          "context": "Baby-Socken",
          "type_hint": "offer"
        },
        {
          "value": 3.99,
          "context": "Baby-Socken",
          "type_hint": "before"
        }
      ],
      "confidence": "high",
      "page": 39,
      "tile": null,
      "original_price": null
    },
    {
      "product_name": "Lupilu® Baby-Jogginghose",
      "brand": "Lupilu",
      "variant": null,
      "offer_price": 4.99,
      "price_before": 6.99,
      "uvp": null,
      "unit_price_value": null,
      "unit_price_per": null,
      "discount_percent": 28.0,
      "pack_size_text": "2 Stück",
      "multi_buy_text": null,
      "lidl_plus": false,
      "lidl_plus_only": false,
      "other_badges": [
        "Auch online"
      ],
      "category": null,
      "action_type": "regular",
      "price_candidates": [
        {
          "value": 4.99,
          "context": "Baby-Jogginghose",
          "type_hint": "offer"
        },
        {
          "value": 6.99,
          "context": "Baby-Jogginghose",
          "type_hint": "before"
        }
      ],
      "confidence": "high",
      "page": 39,
      "tile": null,
      "original_price": null
    },
    {
      "product_name": "Lupilu® Mitwachsendes Geripptes Baby-Set",
      "brand": "Lupilu",
      "variant": null,
      "offer_price": 5.99,
      "price_before": 7.99,
      "uvp": null,
      "unit_price_value": null,
      "unit_price_per": null,
      "discount_percent": 25.0,
      "pack_size_text": "2-teilig",
      "multi_buy_text": null,
      "lidl_plus": false,
      "lidl_plus_only": false,
      "other_badges": [
        "Mit Bio-Baumwolle"
      ],
      "category": null,
      "action_type": "regular",
      "price_candidates": [
        {
          "value": 5.99,
          "context": "offer",
          "type_hint": "offer"
        },
        {
          "value": 7.99,
          "context": "before",
          "type_hint": "before"
        },
        {
          "value": 25.0,
          "context": "discount",
          "type_hint": "unknown"
        }
      ],
      "confidence": "high",
      "page": 19,
      "tile": null,
      "original_price": null
    },
    {
      "product_name": "Lupilu® Baby-Fleece-Overall",
      "brand": "Lupilu",
      "variant": null,
      "offer_price": 9.99,
      "price_before": 12.99,
      "uvp": null,
      "unit_price_value": null,
      "unit_price_per": null,
      "discount_percent": 23.0,
      "pack_size_text": null,
      "multi_buy_text": null,
      "lidl_plus": false,
      "lidl_plus_only": false,
      "other_badges": [
        "Mit Bio-Baumwolle"
      ],
      "category": null,
      "action_type": "regular",
      "price_candidates": [
        {
          "value": 9.99,
          "context": "offer",
          "type_hint": "offer"
        },
        {
          "value": 12.99,
          "context": "before",
          "type_hint": "before"
        },
        {
          "value": 23.0,
          "context": "discount",
          "type_hint": "unknown"
        }
      ],
      "confidence": "high",
      "page": 19,
      "tile": null,
      "original_price": null
    },
    {
      "product_name": "Lupilu® Baby-Schlafoveralls",
      "brand": "Lupilu",
      "variant": null,
      "offer_price": 7.99,
      "price_before": 9.99,
      "uvp": null,
      "unit_price_value": null,
      "unit_price_per": null,
      "discount_percent": 20.0,
      "pack_size_text": "2 Stück",
      "multi_buy_text": null,
      "lidl_plus": false,
      "lidl_plus_only": false,
      "other_badges": [
        "Mit Bio-Baumwolle"
      ],
      "category": null,
      "action_type": "regular",
      "price_candidates": [
        {
          "value": 7.99,
          "context": "offer",
          "type_hint": "offer"
        },
        {
          "value": 9.99,
          "context": "before",
          "type_hint": "before"
        },
        {
          "value": 20.0,
          "context": "discount",
          "type_hint": "unknown"
        }
      ],
      "confidence": "high",
      "page": 19,
      "tile": null,
      "original_price": null
    },
    {
      "product_name": "Lupilu® Baby-Schlafsack",
      "brand": "Lupilu",
      "variant": null,
      "offer_price": 7.99,
      "price_before": 9.99,
      "uvp": null,
      "unit_price_value": null,
      "unit_price_per": null,
      "discount_percent": 20.0,
      "pack_size_text": null,
      "multi_buy_text": null,
      "lidl_plus": false,
      "lidl_plus_only": false,
      "other_badges": [
        "Mit Bio-Baumwolle"
      ],
      "category": null,
      "action_type": "regular",
      "price_candidates": [
        {
          "value": 7.99,
          "context": "offer",
          "type_hint": "offer"
        },
        {
          "value": 9.99,
          "context": "before",
          "type_hint": "before"
        },
        {
          "value": 20.0,
          "context": "discount",
          "type_hint": "unknown"
        }
      ],
      "confidence": "high",
      "page": 19,
      "tile": null,
      "original_price": null
    },
    {
      "product_name": "Esmara Umstands-pyjama",
      "brand": "Esmara",
      "variant": null,
      "offer_price": 12.99,
      "price_before": 16.99,
      "uvp": null,
      "unit_price_value": null,
      "unit_price_per": null,
      "discount_percent": 23.0,
      "pack_size_text": null,
      "multi_buy_text": null,
      "lidl_plus": false,
      "lidl_plus_only": false,
      "other_badges": [],
      "category": null,
      "action_type": "regular",
      "price_candidates": [
        {
          "value": 12.99,
          "context": "offer",
          "type_hint": "offer"
        },
        {
          "value": 16.99,
          "context": "before",
          "type_hint": "before"
        },
        {
          "value": 23.0,
          "context": "discount",
          "type_hint": "unknown"
        }
      ],
      "confidence": "high",
      "page": 19,
      "tile": null,
      "original_price": null
    },
    {
      "product_name": "Lupilu® Baby-Reisebett",
      "brand": "Lupilu",
      "variant": null,
      "offer_price": 24.99,
      "price_before": 29.99,
      "uvp": null,
      "unit_price_value": null,
      "unit_price_per": null,
      "discount_percent": 21.0,
      "pack_size_text": null,
      "multi_buy_text": null,
      "lidl_plus": true,
      "lidl_plus_only": false,
      "other_badges": [],
      "category": null,
      "action_type": "lidl_plus",
      "price_candidates": [
        {
          "value": 24.99,
          "context": "offer",
          "type_hint": "offer"
        },
        {
          "value": 29.99,
          "context": "before",
          "type_hint": "before"
        },
        {
          "value": 21.0,
          "context": "discount",
          "type_hint": "unknown"
        }
      ],
      "confidence": "high",
      "page": 19,
      "tile": null,
      "original_price": null
    },
    {
      "product_name": "Lupilu® Baby-Activity-Decke",
      "brand": "Lupilu",
      "variant": null,
      "offer_price": 24.99,
      "price_before": null,
      "uvp": null,
      "unit_price_value": null,
      "unit_price_per": null,
      "discount_percent": null,
      "pack_size_text": "Je Stück",
      "multi_buy_text": null,
      "lidl_plus": false,
      "lidl_plus_only": false,
      "other_badges": [
        "Auch online"
      ],
      "category": null,
      "action_type": "regular",
      "price_candidates": [
        {
          "value": 24.99,
          "context": "offer",
          "type_hint": "offer"
        }
      ],
      "confidence": "high",
      "page": 41,
      "tile": null,
      "original_price": null
    },
    {
      "product_name": "Lupilu® Baby-Spielzeug",
      "brand": "Lupilu",
      "variant": null,
      "offer_price": 6.99,
      "price_before": 8.99,
      "uvp": null,
      "unit_price_value": null,
      "unit_price_per": null,
      "discount_percent": 22.0,
      "pack_size_text": "Je Stück",
      "multi_buy_text": null,
      "lidl_plus": false,
      "lidl_plus_only": false,
      "other_badges": [
        "Auch online"
      ],
      "category": null,
      "action_type": "regular",
      "price_candidates": [
        {
          "value": 6.99,
          "context": "offer",
          "type_hint": "offer"
        },
        {
          "value": 8.99,
          "context": "before",
          "type_hint": "before"
        },
        {
          "value": 22.0,
          "context": "discount",
          "type_hint": "unknown"
        }
      ],
      "confidence": "high",
      "page": 41,
      "tile": null,
      "original_price": null
    },
    {
      "product_name": "Twistshake Rutschfeste Click Mat mit Teller",
      "brand": "Twistshake",
      "variant": null,
      "offer_price": 9.99,
      "price_before": 34.99,
      "uvp": 34.99,
      "unit_price_value": null,
      "unit_price_per": null,
      "discount_percent": 71.0,
      "pack_size_text": "Je Set",
      "multi_buy_text": null,
      "lidl_plus": false,
      "lidl_plus_only": false,
      "other_badges": [
        "Auch online"
      ],
      "category": null,
      "action_type": "regular",
      "price_candidates": [
        {
          "value": 9.99,
          "context": "offer",
          "type_hint": "offer"
        },
        {
          "value": 34.99,
          "context": "uvp",
          "type_hint": "uvp"
        },
        {
          "value": 71.0,
          "context": "discount",
          "type_hint": "unknown"
        }
      ],
      "confidence": "high",
      "page": 41,
      "tile": null,
      "original_price": null
    },
    {
      "product_name": "Lupilu® Baby-Motorikspielzeug",
      "brand": "Lupilu",
      "variant": null,
      "offer_price": 2.99,
      "price_before": null,
      "uvp": null,
      "unit_price_value": null,
      "unit_price_per": null,
      "discount_percent": null,
      "pack_size_text": "Je Stück/Set",
      "multi_buy_text": null,
      "lidl_plus": false,
      "lidl_plus_only": false,
      "other_badges": [
        "Weitere Variante erhältlich"
      ],
      "category": null,
      "action_type": "regular",
      "price_candidates": [
        {
          "value": 2.99,
          "context": "offer",
          "type_hint": "offer"
        }
      ],
      "confidence": "high",
      "page": 41,
      "tile": null,
      "original_price": null
    },
    {
      "product_name": "Lupilu® Baby-Musikspielzeug",
      "brand": "Lupilu",
      "variant": null,
      "offer_price": 7.99,
      "price_before": 9.99,
      "uvp": null,
      "unit_price_value": null,
      "unit_price_per": null,
      "discount_percent": 20.0,
      "pack_size_text": "Je Stück",
      "multi_buy_text": null,
      "lidl_plus": false,
      "lidl_plus_only": false,
      "other_badges": [
        "Auch online",
        "Weitere Variante erhältlich"
      ],
      "category": null,
      "action_type": "regular",
      "price_candidates": [
        {
          "value": 7.99,
          "context": "offer",
          "type_hint": "offer"
        },
        {
          "value": 9.99,
          "context": "before",
          "type_hint": "before"
        },
        {
          "value": 20.0,
          "context": "discount",
          "type_hint": "unknown"
        }
      ],
      "confidence": "high",
      "page": 41,
      "tile": null,
      "original_price": null
    },
    {
      "product_name": "Lupilu® Kinderwagenzubehör",
      "brand": "Lupilu",
      "variant": null,
      "offer_price": 3.99,
      "price_before": null,
      "uvp": null,
      "unit_price_value": null,
      "unit_price_per": null,
      "discount_percent": null,
      "pack_size_text": "Je Stück/2 Stück",
      "multi_buy_text": null,
      "lidl_plus": false,
      "lidl_plus_only": false,
      "other_badges": [
        "Weitere Variante erhältlich"
      ],
      "category": null,
      "action_type": "regular",
      "price_candidates": [
        {
          "value": 3.99,
          "context": "offer",
          "type_hint": "offer"
        }
      ],
      "confidence": "high",
      "page": 41,
      "tile": null,
      "original_price": null
    },
    {
      "product_name": "Nuk Trinkbecher/-lernbecher",
      "brand": "Nuk",
      "variant": null,
      "offer_price": 14.99,
      "price_before": 17.99,
      "uvp": null,
      "unit_price_value": null,
      "unit_price_per": null,
      "discount_percent": 16.0,
      "pack_size_text": "Je Set",
      "multi_buy_text": null,
      "lidl_plus": false,
      "lidl_plus_only": false,
      "other_badges": [
        "Weitere Variante erhältlich"
      ],
      "category": null,
      "action_type": "regular",
      "price_candidates": [
        {
          "value": 14.99,
          "context": "offer",
          "type_hint": "offer"
        },
        {
          "value": 17.99,
          "context": "before",
          "type_hint": "before"
        },
        {
          "value": 16.0,
          "context": "discount",
          "type_hint": "unknown"
        }
      ],
      "confidence": "high",
      "page": 41,
      "tile": null,
      "original_price": null
    },
    {
      "product_name": "Fisher-Price Baby-Aktivitäts-Beißring",
      "brand": "Fisher-Price",
      "variant": null,
      "offer_price": 4.99,
      "price_before": 6.99,
      "uvp": null,
      "unit_price_value": null,
      "unit_price_per": null,
      "discount_percent": 28.0,
      "pack_size_text": "Je Stück",
      "multi_buy_text": null,
      "lidl_plus": false,
      "lidl_plus_only": false,
      "other_badges": [
        "Weitere Variante erhältlich"
      ],
      "category": null,
      "action_type": "regular",
      "price_candidates": [
        {
          "value": 4.99,
          "context": "offer",
          "type_hint": "offer"
        },
        {
          "value": 6.99,
          "context": "before",
          "type_hint": "before"
        },
        {
          "value": 28.0,
          "context": "discount",
          "type_hint": "unknown"
        }
      ],
      "confidence": "high",
      "page": 41,
      "tile": null,
      "original_price": null
    },
    {
      "product_name": "Lupilu® Kinderwagen-Mitfahrbrett",
      "brand": "Lupilu",
      "variant": null,
      "offer_price": 24.99,
      "price_before": 32.99,
      "uvp": null,
      "unit_price_value": null,
      "unit_price_per": null,
      "discount_percent": 24.0,
      "pack_size_text": "Je Stück",
      "multi_buy_text": null,
      "lidl_plus": false,
      "lidl_plus_only": false,
      "other_badges": [
        "Auch online"
      ],
      "category": null,
      "action_type": "regular",
      "price_candidates": [
        {
          "value": 24.99,
          "context": "offer",
          "type_hint": "offer"
        },
        {
          "value": 32.99,
          "context": "before",
          "type_hint": "before"
        },
        {
          "value": 24.0,
          "context": "discount",
          "type_hint": "unknown"
        }
      ],
      "confidence": "high",
      "page": 41,
      "tile": null,
      "original_price": null
    },
    {
      "product_name": "Cybex Kinderautositz",
      "brand": "Cybex",
      "variant": "Modell „Solution X-Fix“",
      "offer_price": 89.99,
      "price_before": null,
      "uvp": 229.95,
      "unit_price_value": null,
      "unit_price_per": null,
      "discount_percent": 60.0,
      "pack_size_text": "Je Stück",
      "multi_buy_text": null,
      "lidl_plus": false,
      "lidl_plus_only": false,
      "other_badges": [
        "Nur online"
      ],
      "category": null,
      "action_type": "regular",
      "price_candidates": [
        {
          "value": 229.95,
          "context": "UVP",
          "type_hint": "uvp"
        },
        {
          "value": 89.99,
          "context": "Angebotspreis",
          "type_hint": "offer"
        }
      ],
      "confidence": "high",
      "page": 21,
      "tile": null,
      "original_price": null
    },
    {
      "product_name": "Fisher-Price Schlummer-Otter",
      "brand": "Fisher-Price",
      "variant": null,
      "offer_price": 24.99,
      "price_before": null,
      "uvp": 48.99,
      "unit_price_value": null,
      "unit_price_per": null,
      "discount_percent": 48.0,
      "pack_size_text": "Je Stück",
      "multi_buy_text": null,
      "lidl_plus": false,
      "lidl_plus_only": false,
      "other_badges": [
        "Nur online"
      ],
      "category": null,
      "action_type": "regular",
      "price_candidates": [
        {
          "value": 48.99,
          "context": "UVP",
          "type_hint": "uvp"
        },
        {
          "value": 24.99,
          "context": "Angebotspreis",
          "type_hint": "offer"
        }
      ],
      "confidence": "high",
      "page": 21,
      "tile": null,
      "original_price": null
    },
    {
      "product_name": "Maxi Cosi Kinderwagen",
      "brand": "Maxi Cosi",
      "variant": "Modell „Zelia3“",
      "offer_price": 199.0,
      "price_before": null,
      "uvp": 359.99,
      "unit_price_value": null,
      "unit_price_per": null,
      "discount_percent": 44.0,
      "pack_size_text": "Je Stück",
      "multi_buy_text": null,
      "lidl_plus": false,
      "lidl_plus_only": false,
      "other_badges": [
        "Nur online"
      ],
      "category": null,
      "action_type": "regular",
      "price_candidates": [
        {
          "value": 359.99,
          "context": "UVP",
          "type_hint": "uvp"
        },
        {
          "value": 199.0,
          "context": "Angebotspreis",
          "type_hint": "offer"
        },
        {
          "value": 12.4,
          "context": "Lidl Ratenzahlung",
          "type_hint": "unknown"
        }
      ],
      "confidence": "high",
      "page": 21,
      "tile": null,
      "original_price": null
    },
    {
      "product_name": "Roba Stubenbett",
      "brand": "Roba",
      "variant": null,
      "offer_price": 129.0,
      "price_before": null,
      "uvp": 309.9,
      "unit_price_value": null,
      "unit_price_per": null,
      "discount_percent": 58.0,
      "pack_size_text": "Je Stück",
      "multi_buy_text": null,
      "lidl_plus": false,
      "lidl_plus_only": false,
      "other_badges": [
        "Nur online"
      ],
      "category": null,
      "action_type": "regular",
      "price_candidates": [
        {
          "value": 309.9,
          "context": "UVP",
          "type_hint": "uvp"
        },
        {
          "value": 129.0,
          "context": "Angebotspreis",
          "type_hint": "offer"
        },
        {
          "value": 11.93,
          "context": "Lidl Ratenzahlung",
          "type_hint": "unknown"
        }
      ],
      "confidence": "high",
      "page": 21,
      "tile": null,
      "original_price": null
    },
    {
      "product_name": "Safety 1st Türschutzgitter",
      "brand": "Safety 1st",
      "variant": "Modell „Quick Close“",
      "offer_price": 24.99,
      "price_before": null,
      "uvp": 54.99,
      "unit_price_value": null,
      "unit_price_per": null,
      "discount_percent": 54.0,
      "pack_size_text": "Je Stück",
      "multi_buy_text": null,
      "lidl_plus": false,
      "lidl_plus_only": false,
      "other_badges": [
        "Nur online"
      ],
      "category": null,
      "action_type": "regular",
      "price_candidates": [
        {
          "value": 54.99,
          "context": "UVP",
          "type_hint": "uvp"
        },
        {
          "value": 24.99,
          "context": "Angebotspreis",
          "type_hint": "offer"
        }
      ],
      "confidence": "high",
      "page": 21,
      "tile": null,
      "original_price": null
    },
    {
      "product_name": "Roba Treppenhochstuhl",
      "brand": "Roba",
      "variant": "Modell „Born Up“",
      "offer_price": 104.0,
      "price_before": null,
      "uvp": 214.9,
      "unit_price_value": null,
      "unit_price_per": null,
      "discount_percent": 51.0,
      "pack_size_text": "Je Stück",
      "multi_buy_text": null,
      "lidl_plus": false,
      "lidl_plus_only": false,
      "other_badges": [
        "Nur online"
      ],
      "category": null,
      "action_type": "regular",
      "price_candidates": [
        {
          "value": 214.9,
          "context": "UVP",
          "type_hint": "uvp"
        },
        {
          "value": 104.0,
          "context": "Angebotspreis",
          "type_hint": "offer"
        }
      ],
      "confidence": "high",
      "page": 21,
      "tile": null,
      "original_price": null
    },
    {
      "product_name": "Hammer Kraftstation Modell „FERRUM TX2“",
      "brand": "Hammer",
      "variant": null,
      "offer_price": 599.0,
      "price_before": null,
      "uvp": 999.0,
      "unit_price_value": null,
      "unit_price_per": null,
      "discount_percent": 40.0,
      "pack_size_text": null,
      "multi_buy_text": null,
      "lidl_plus": false,
      "lidl_plus_only": false,
      "other_badges": [
        "Nur online"
      ],
      "category": null,
      "action_type": "regular",
      "price_candidates": [
        {
          "value": 30.05,
          "context": "Lidl Ratenkauf pro Monat",
          "type_hint": "unit"
        },
        {
          "value": 599.0,
          "context": "Angebotspreis",
          "type_hint": "offer"
        },
        {
          "value": 999.0,
          "context": "UVP",
          "type_hint": "uvp"
        },
        {
          "value": 40.0,
          "context": "Rabatt",
          "type_hint": "unknown"
        }
      ],
      "confidence": "high",
      "page": 43,
      "tile": null,
      "original_price": null
    },
    {
      "product_name": "Hammer Trampolin Modell „Cross Jump“",
      "brand": "Hammer",
      "variant": null,
      "offer_price": 99.99,
      "price_before": null,
      "uvp": 199.95,
      "unit_price_value": null,
      "unit_price_per": null,
      "discount_percent": 49.0,
      "pack_size_text": null,
      "multi_buy_text": null,
      "lidl_plus": false,
      "lidl_plus_only": false,
      "other_badges": [
        "Nur online"
      ],
      "category": null,
      "action_type": "regular",
      "price_candidates": [
        {
          "value": 12.32,
          "context": "Lidl Ratenkauf pro Monat",
          "type_hint": "unit"
        },
        {
          "value": 99.99,
          "context": "Angebotspreis",
          "type_hint": "offer"
        },
        {
          "value": 199.95,
          "context": "UVP",
          "type_hint": "uvp"
        },
        {
          "value": 49.0,
          "context": "Rabatt",
          "type_hint": "unknown"
        }
      ],
      "confidence": "high",
      "page": 43,
      "tile": null,
      "original_price": null
    },
    {
      "product_name": "Christopeit Sport Heimtrainer Modell „AL1“",
      "brand": "Christopeit",
      "variant": null,
      "offer_price": 159.0,
      "price_before": null,
      "uvp": null,
      "unit_price_value": null,
      "unit_price_per": null,
      "discount_percent": null,
      "pack_size_text": null,
      "multi_buy_text": null,
      "lidl_plus": false,
      "lidl_plus_only": false,
      "other_badges": [
        "Nur online"
      ],
      "category": null,
      "action_type": "regular",
      "price_candidates": [
        {
          "value": 15.72,
          "context": "Lidl Ratenkauf pro Monat",
          "type_hint": "unit"
        },
        {
          "value": 159.0,
          "context": "Angebotspreis",
          "type_hint": "offer"
        }
      ],
      "confidence": "high",
      "page": 43,
      "tile": null,
      "original_price": null
    },
    {
      "product_name": "Christopeit Sport Sitz-Ergometer Modell „RS 4000“",
      "brand": "Christopeit",
      "variant": null,
      "offer_price": 299.0,
      "price_before": null,
      "uvp": null,
      "unit_price_value": null,
      "unit_price_per": null,
      "discount_percent": null,
      "pack_size_text": null,
      "multi_buy_text": null,
      "lidl_plus": false,
      "lidl_plus_only": false,
      "other_badges": [
        "Nur online"
      ],
      "category": null,
      "action_type": "regular",
      "price_candidates": [
        {
          "value": 16.07,
          "context": "Lidl Ratenkauf pro Monat",
          "type_hint": "unit"
        },
        {
          "value": 299.0,
          "context": "Angebotspreis",
          "type_hint": "offer"
        }
      ],
      "confidence": "high",
      "page": 43,
      "tile": null,
      "original_price": null
    },
    {
      "product_name": "Christopeit Sport Wasser-Rudergerät Modell „WP 2000“",
      "brand": "Christopeit",
      "variant": null,
      "offer_price": 279.0,
      "price_before": null,
      "uvp": null,
      "unit_price_value": null,
      "unit_price_per": null,
      "discount_percent": null,
      "pack_size_text": null,
      "multi_buy_text": null,
      "lidl_plus": false,
      "lidl_plus_only": false,
      "other_badges": [
        "Nur online"
      ],
      "category": null,
      "action_type": "regular",
      "price_candidates": [
        {
          "value": 15.14,
          "context": "Lidl Ratenkauf pro Monat",
          "type_hint": "unit"
        },
        {
          "value": 279.0,
          "context": "Angebotspreis",
          "type_hint": "offer"
        }
      ],
      "confidence": "high",
      "page": 43,
      "tile": null,
      "original_price": null
    },
    {
      "product_name": "Crivit Hantel, 4 kg",
      "brand": "Crivit",
      "variant": null,
      "offer_price": 6.99,
      "price_before": 12.99,
      "uvp": null,
      "unit_price_value": null,
      "unit_price_per": null,
      "discount_percent": 46.0,
      "pack_size_text": "Je Stück",
      "multi_buy_text": null,
      "lidl_plus": false,
      "lidl_plus_only": false,
      "other_badges": [],
      "category": null,
      "action_type": "regular",
      "price_candidates": [
        {
          "value": 6.99,
          "context": "Angebotspreis",
          "type_hint": "offer"
        },
        {
          "value": 12.99,
          "context": "Vorher",
          "type_hint": "before"
        },
        {
          "value": 46.0,
          "context": "Rabatt",
          "type_hint": "unknown"
        }
      ],
      "confidence": "high",
      "page": 43,
      "tile": null,
      "original_price": null
    },
    {
      "product_name": "Delonghi Siebträgermaschine",
      "brand": "Delonghi",
      "variant": "Typ. EMM540.M",
      "offer_price": 99.99,
      "price_before": null,
      "uvp": 179.9,
      "unit_price_value": null,
      "unit_price_per": null,
      "discount_percent": 44.0,
      "pack_size_text": "Je Stück",
      "multi_buy_text": null,
      "lidl_plus": false,
      "lidl_plus_only": false,
      "other_badges": [
        "Nur online"
      ],
      "category": null,
      "action_type": "regular",
      "price_candidates": [
        {
          "value": 99.99,
          "context": "offer",
          "type_hint": "offer"
        },
        {
          "value": 179.9,
          "context": "UVP",
          "type_hint": "uvp"
        }
      ],
      "confidence": "high",
      "page": 44,
      "tile": null,
      "original_price": null
    },
    {
      "product_name": "Russell Hobbs Heißluftfritteuse",
      "brand": "Russell Hobbs",
      "variant": "Modell Satisfry Panoramic 27421-56",
      "offer_price": 48.99,
      "price_before": null,
      "uvp": 129.99,
      "unit_price_value": null,
      "unit_price_per": null,
      "discount_percent": 62.0,
      "pack_size_text": "Je Stück",
      "multi_buy_text": null,
      "lidl_plus": false,
      "lidl_plus_only": false,
      "other_badges": [
        "Nur online"
      ],
      "category": null,
      "action_type": "regular",
      "price_candidates": [
        {
          "value": 48.99,
          "context": "offer",
          "type_hint": "offer"
        },
        {
          "value": 129.99,
          "context": "UVP",
          "type_hint": "uvp"
        }
      ],
      "confidence": "high",
      "page": 44,
      "tile": null,
      "original_price": null
    },
    {
      "product_name": "Elo Topfset, 7-tlg.",
      "brand": "Elo",
      "variant": "Modell Galactica: Je Set",
      "offer_price": 44.99,
      "price_before": null,
      "uvp": 129.0,
      "unit_price_value": null,
      "unit_price_per": null,
      "discount_percent": 65.0,
      "pack_size_text": "Je Set",
      "multi_buy_text": null,
      "lidl_plus": false,
      "lidl_plus_only": false,
      "other_badges": [
        "Nur online"
      ],
      "category": null,
      "action_type": "regular",
      "price_candidates": [
        {
          "value": 44.99,
          "context": "offer",
          "type_hint": "offer"
        },
        {
          "value": 129.0,
          "context": "UVP",
          "type_hint": "uvp"
        }
      ],
      "confidence": "high",
      "page": 44,
      "tile": null,
      "original_price": null
    },
    {
      "product_name": "Leonardo Thermogläser",
      "brand": "Leonardo",
      "variant": "Modell Tavolino",
      "offer_price": 7.99,
      "price_before": null,
      "uvp": 14.99,
      "unit_price_value": null,
      "unit_price_per": null,
      "discount_percent": 46.0,
      "pack_size_text": "Je Set",
      "multi_buy_text": null,
      "lidl_plus": false,
      "lidl_plus_only": false,
      "other_badges": [
        "Nur online"
      ],
      "category": null,
      "action_type": "regular",
      "price_candidates": [
        {
          "value": 7.99,
          "context": "offer",
          "type_hint": "offer"
        },
        {
          "value": 14.99,
          "context": "UVP",
          "type_hint": "uvp"
        }
      ],
      "confidence": "high",
      "page": 44,
      "tile": null,
      "original_price": null
    },
    {
      "product_name": "Silvercrest Kaffeemaschine",
      "brand": "Silvercrest",
      "variant": "Typ. SKMK 1000 A1",
      "offer_price": 19.99,
      "price_before": null,
      "uvp": null,
      "unit_price_value": null,
      "unit_price_per": null,
      "discount_percent": null,
      "pack_size_text": "Je Stück",
      "multi_buy_text": null,
      "lidl_plus": false,
      "lidl_plus_only": false,
      "other_badges": [],
      "category": null,
      "action_type": "regular",
      "price_candidates": [
        {
          "value": 19.99,
          "context": "offer",
          "type_hint": "offer"
        }
      ],
      "confidence": "high",
      "page": 44,
      "tile": null,
      "original_price": null
    },
    {
      "product_name": "Melitta Kaffeevollautomat",
      "brand": "Melitta",
      "variant": "Typ: CI Touch",
      "offer_price": 569.0,
      "price_before": null,
      "uvp": null,
      "unit_price_value": null,
      "unit_price_per": null,
      "discount_percent": null,
      "pack_size_text": "1 Stück",
      "multi_buy_text": null,
      "lidl_plus": false,
      "lidl_plus_only": false,
      "other_badges": [
        "Nur online"
      ],
      "category": null,
      "action_type": "regular",
      "price_candidates": [
        {
          "value": 569.0,
          "context": "offer",
          "type_hint": "offer"
        },
        {
          "value": 26.79,
          "context": "Lidl Ratenzahlung",
          "type_hint": "unit"
        }
      ],
      "confidence": "high",
      "page": 45,
      "tile": null,
      "original_price": null
    },
    {
      "product_name": "Krups Kaffeemaschine",
      "brand": "Krups",
      "variant": "Typ: Nescafé Dolce Gusto Piccolo X PAS",
      "offer_price": 37.99,
      "price_before": null,
      "uvp": null,
      "unit_price_value": null,
      "unit_price_per": null,
      "discount_percent": null,
      "pack_size_text": "1 Stück",
      "multi_buy_text": null,
      "lidl_plus": false,
      "lidl_plus_only": false,
      "other_badges": [
        "Nur online"
      ],
      "category": null,
      "action_type": "regular",
      "price_candidates": [
        {
          "value": 37.99,
          "context": "offer",
          "type_hint": "offer"
        },
        {
          "value": 15.0,
          "context": "15 bar",
          "type_hint": "unit"
        }
      ],
      "confidence": "high",
      "page": 45,
      "tile": null,
      "original_price": null
    },
    {
      "product_name": "Emsa Isolierbecher",
      "brand": "Emsa",
      "variant": "Modell „Travel Mug Essential“",
      "offer_price": 12.99,
      "price_before": null,
      "uvp": 39.99,
      "unit_price_value": 0.5,
      "unit_price_per": "l",
      "discount_percent": 67.0,
      "pack_size_text": "1 Stück",
      "multi_buy_text": null,
      "lidl_plus": false,
      "lidl_plus_only": false,
      "other_badges": [
        "Nur online"
      ],
      "category": null,
      "action_type": "regular",
      "price_candidates": [
        {
          "value": 12.99,
          "context": "offer",
          "type_hint": "offer"
        },
        {
          "value": 39.99,
          "context": "UVP",
          "type_hint": "uvp"
        },
        {
          "value": 0.5,
          "context": "0,5 l",
          "type_hint": "unit"
        }
      ],
      "confidence": "high",
      "page": 45,
      "tile": null,
      "original_price": null
    },
    {
      "product_name": "Silit Besteck-Set",
      "brand": "Silit",
      "variant": "Modell „Trend“",
      "offer_price": 41.99,
      "price_before": null,
      "uvp": 89.99,
      "unit_price_value": null,
      "unit_price_per": null,
      "discount_percent": 53.0,
      "pack_size_text": "30-teilig",
      "multi_buy_text": null,
      "lidl_plus": false,
      "lidl_plus_only": false,
      "other_badges": [
        "Nur online"
      ],
      "category": null,
      "action_type": "regular",
      "price_candidates": [
        {
          "value": 41.99,
          "context": "offer",
          "type_hint": "offer"
        },
        {
          "value": 89.99,
          "context": "UVP",
          "type_hint": "uvp"
        }
      ],
      "confidence": "high",
      "page": 45,
      "tile": null,
      "original_price": null
    },
    {
      "product_name": "Philips Heißluftfritteuse",
      "brand": "Philips",
      "variant": "Typ: Flexibasket HD9650/90",
      "offer_price": 99.99,
      "price_before": null,
      "uvp": 199.99,
      "unit_price_value": 7.1,
      "unit_price_per": "l",
      "discount_percent": 50.0,
      "pack_size_text": "1 Stück",
      "multi_buy_text": null,
      "lidl_plus": false,
      "lidl_plus_only": false,
      "other_badges": [],
      "category": null,
      "action_type": "regular",
      "price_candidates": [
        {
          "value": 99.99,
          "context": "offer",
          "type_hint": "offer"
        },
        {
          "value": 199.99,
          "context": "UVP",
          "type_hint": "uvp"
        },
        {
          "value": 7.1,
          "context": "7,1 l",
          "type_hint": "unit"
        }
      ],
      "confidence": "high",
      "page": 45,
      "tile": null,
      "original_price": null
    },
    {
      "product_name": "Tefal Optigrill XL",
      "brand": "Tefal",
      "variant": "Typ: GC722834",
      "offer_price": 139.0,
      "price_before": null,
      "uvp": 259.99,
      "unit_price_value": null,
      "unit_price_per": null,
      "discount_percent": 46.0,
      "pack_size_text": "1 Stück",
      "multi_buy_text": null,
      "lidl_plus": false,
      "lidl_plus_only": false,
      "other_badges": [],
      "category": null,
      "action_type": "regular",
      "price_candidates": [
        {
          "value": 139.0,
          "context": "offer",
          "type_hint": "offer"
        },
        {
          "value": 259.99,
          "context": "UVP",
          "type_hint": "uvp"
        },
        {
          "value": 2.0,
          "context": "2.000 W",
          "type_hint": "unit"
        }
      ],
      "confidence": "high",
      "page": 45,
      "tile": null,
      "original_price": null
    },
    {
      "product_name": "Singer Computer-Nähmaschine",
      "brand": "Singer",
      "variant": "Typ. Serenade 6600",
      "offer_price": 169.0,
      "price_before": null,
      "uvp": 369.0,
      "unit_price_value": null,
      "unit_price_per": null,
      "discount_percent": 54.0,
      "pack_size_text": "Je Stück",
      "multi_buy_text": null,
      "lidl_plus": false,
      "lidl_plus_only": false,
      "other_badges": [
        "Nur online"
      ],
      "category": null,
      "action_type": "regular",
      "price_candidates": [
        {
          "value": 169.0,
          "context": "offer",
          "type_hint": "offer"
        },
        {
          "value": 369.0,
          "context": "UVP",
          "type_hint": "uvp"
        },
        {
          "value": 54.0,
          "context": "discount",
          "type_hint": "unknown"
        }
      ],
      "confidence": "high",
      "page": 23,
      "tile": null,
      "original_price": null
    },
    {
      "product_name": "Singer Overlock-Nähmaschine",
      "brand": "Singer",
      "variant": "Typ. 5010C",
      "offer_price": 169.0,
      "price_before": null,
      "uvp": 449.0,
      "unit_price_value": null,
      "unit_price_per": null,
      "discount_percent": 62.0,
      "pack_size_text": "Je Stück",
      "multi_buy_text": null,
      "lidl_plus": false,
      "lidl_plus_only": false,
      "other_badges": [
        "Nur online"
      ],
      "category": null,
      "action_type": "regular",
      "price_candidates": [
        {
          "value": 169.0,
          "context": "offer",
          "type_hint": "offer"
        },
        {
          "value": 449.0,
          "context": "UVP",
          "type_hint": "uvp"
        },
        {
          "value": 62.0,
          "context": "discount",
          "type_hint": "unknown"
        }
      ],
      "confidence": "high",
      "page": 23,
      "tile": null,
      "original_price": null
    },
    {
      "product_name": "Rowenta Dampfbügelstation",
      "brand": "Rowenta",
      "variant": "Typ. Compact Steam Pro DG7623",
      "offer_price": 149.0,
      "price_before": null,
      "uvp": 259.99,
      "unit_price_value": null,
      "unit_price_per": null,
      "discount_percent": 42.0,
      "pack_size_text": "Je Stück",
      "multi_buy_text": null,
      "lidl_plus": false,
      "lidl_plus_only": false,
      "other_badges": [
        "Nur online"
      ],
      "category": null,
      "action_type": "regular",
      "price_candidates": [
        {
          "value": 149.0,
          "context": "offer",
          "type_hint": "offer"
        },
        {
          "value": 259.99,
          "context": "UVP",
          "type_hint": "uvp"
        },
        {
          "value": 42.0,
          "context": "discount",
          "type_hint": "unknown"
        }
      ],
      "confidence": "high",
      "page": 23,
      "tile": null,
      "original_price": null
    },
    {
      "product_name": "Vileda Dampfreiniger",
      "brand": "Vileda",
      "variant": "Typ. Steam XXL",
      "offer_price": 69.99,
      "price_before": null,
      "uvp": 144.99,
      "unit_price_value": null,
      "unit_price_per": null,
      "discount_percent": 51.0,
      "pack_size_text": "Je Stück",
      "multi_buy_text": null,
      "lidl_plus": false,
      "lidl_plus_only": false,
      "other_badges": [
        "Nur online"
      ],
      "category": null,
      "action_type": "regular",
      "price_candidates": [
        {
          "value": 69.99,
          "context": "offer",
          "type_hint": "offer"
        },
        {
          "value": 144.99,
          "context": "UVP",
          "type_hint": "uvp"
        },
        {
          "value": 51.0,
          "context": "discount",
          "type_hint": "unknown"
        }
      ],
      "confidence": "high",
      "page": 23,
      "tile": null,
      "original_price": null
    },
    {
      "product_name": "Aeg Akku-Staubsauger",
      "brand": "Aeg",
      "variant": "Typ. AP81CB21DB",
      "offer_price": 119.0,
      "price_before": null,
      "uvp": 249.95,
      "unit_price_value": null,
      "unit_price_per": null,
      "discount_percent": 52.0,
      "pack_size_text": "Je Stück",
      "multi_buy_text": null,
      "lidl_plus": false,
      "lidl_plus_only": false,
      "other_badges": [
        "Nur online"
      ],
      "category": null,
      "action_type": "regular",
      "price_candidates": [
        {
          "value": 119.0,
          "context": "offer",
          "type_hint": "offer"
        },
        {
          "value": 249.95,
          "context": "UVP",
          "type_hint": "uvp"
        },
        {
          "value": 52.0,
          "context": "discount",
          "type_hint": "unknown"
        }
      ],
      "confidence": "high",
      "page": 23,
      "tile": null,
      "original_price": null
    },
    {
      "product_name": "Eufy Saug- und Wischroboter mit Absaugstation",
      "brand": "Eufy",
      "variant": null,
      "offer_price": 229.0,
      "price_before": null,
      "uvp": 399.0,
      "unit_price_value": null,
      "unit_price_per": null,
      "discount_percent": 42.0,
      "pack_size_text": "Je Stück",
      "multi_buy_text": null,
      "lidl_plus": false,
      "lidl_plus_only": false,
      "other_badges": [],
      "category": null,
      "action_type": "regular",
      "price_candidates": [
        {
          "value": 229.0,
          "context": "offer",
          "type_hint": "offer"
        },
        {
          "value": 399.0,
          "context": "UVP",
          "type_hint": "uvp"
        },
        {
          "value": 42.0,
          "context": "discount",
          "type_hint": "unknown"
        }
      ],
      "confidence": "high",
      "page": 23,
      "tile": null,
      "original_price": null
    },
    {
      "product_name": "Silvercrest Saugroboter mit Absaugstation",
      "brand": "Silvercrest",
      "variant": "Typ. SSR A1",
      "offer_price": 99.99,
      "price_before": null,
      "uvp": 199.0,
      "unit_price_value": null,
      "unit_price_per": null,
      "discount_percent": 49.0,
      "pack_size_text": "Je Stück",
      "multi_buy_text": null,
      "lidl_plus": false,
      "lidl_plus_only": false,
      "other_badges": [
        "Nur online"
      ],
      "category": null,
      "action_type": "regular",
      "price_candidates": [
        {
          "value": 99.99,
          "context": "offer",
          "type_hint": "offer"
        },
        {
          "value": 199.0,
          "context": "UVP",
          "type_hint": "uvp"
        },
        {
          "value": 49.0,
          "context": "discount",
          "type_hint": "unknown"
        }
      ],
      "confidence": "high",
      "page": 23,
      "tile": null,
      "original_price": null
    },
    {
      "product_name": "Silvercrest® Frischhaltedosen-Set",
      "brand": "Silvercrest",
      "variant": null,
      "offer_price": 4.99,
      "price_before": null,
      "uvp": null,
      "unit_price_value": null,
      "unit_price_per": null,
      "discount_percent": null,
      "pack_size_text": "5-teilig",
      "multi_buy_text": null,
      "lidl_plus": false,
      "lidl_plus_only": false,
      "other_badges": [
        "Auch online"
      ],
      "category": null,
      "action_type": "regular",
      "price_candidates": [
        {
          "value": 4.99,
          "context": "Je Set",
          "type_hint": "offer"
        }
      ],
      "confidence": "high",
      "page": 4,
      "tile": null,
      "original_price": null
    },
    {
      "product_name": "Silvercrest® Isolierflaschen",
      "brand": "Silvercrest",
      "variant": null,
      "offer_price": 3.99,
      "price_before": null,
      "uvp": null,
      "unit_price_value": null,
      "unit_price_per": null,
      "discount_percent": null,
      "pack_size_text": "ca. 500 ml",
      "multi_buy_text": null,
      "lidl_plus": false,
      "lidl_plus_only": false,
      "other_badges": [
        "Auch online"
      ],
      "category": null,
      "action_type": "regular",
      "price_candidates": [
        {
          "value": 3.99,
          "context": "Je Stück",
          "type_hint": "offer"
        }
      ],
      "confidence": "high",
      "page": 4,
      "tile": null,
      "original_price": null
    },
    {
      "product_name": "Silvercrest® Schüssel-Set",
      "brand": "Silvercrest",
      "variant": null,
      "offer_price": 5.99,
      "price_before": null,
      "uvp": null,
      "unit_price_value": null,
      "unit_price_per": null,
      "discount_percent": null,
      "pack_size_text": "ca. 3,4 l",
      "multi_buy_text": null,
      "lidl_plus": false,
      "lidl_plus_only": false,
      "other_badges": [
        "Auch online"
      ],
      "category": null,
      "action_type": "regular",
      "price_candidates": [
        {
          "value": 5.99,
          "context": "2 Stück/Set",
          "type_hint": "offer"
        }
      ],
      "confidence": "high",
      "page": 4,
      "tile": null,
      "original_price": null
    },
    {
      "product_name": "Silvercrest® Haushaltshelfer",
      "brand": "Silvercrest",
      "variant": null,
      "offer_price": 1.33,
      "price_before": null,
      "uvp": null,
      "unit_price_value": null,
      "unit_price_per": null,
      "discount_percent": 33.0,
      "pack_size_text": null,
      "multi_buy_text": "ab 3 Stück/Set",
      "lidl_plus": true,
      "lidl_plus_only": false,
      "other_badges": [],
      "category": null,
      "action_type": "lidl_plus",
      "price_candidates": [
        {
          "value": 2.0,
          "context": "Einzelpreis",
          "type_hint": "unknown"
        },
        {
          "value": 1.33,
          "context": "Mit Lidl Plus",
          "type_hint": "offer"
        },
        {
          "value": 33.0,
          "context": "-33%",
          "type_hint": "unknown"
        }
      ],
      "confidence": "high",
      "page": 4,
      "tile": null,
      "original_price": null
    },
    {
      "product_name": "Silvercrest® Pump-Thermokanne",
      "brand": "Silvercrest",
      "variant": null,
      "offer_price": 14.99,
      "price_before": null,
      "uvp": null,
      "unit_price_value": null,
      "unit_price_per": null,
      "discount_percent": null,
      "pack_size_text": "ca. 2,2 l",
      "multi_buy_text": null,
      "lidl_plus": false,
      "lidl_plus_only": false,
      "other_badges": [],
      "category": null,
      "action_type": "regular",
      "price_candidates": [
        {
          "value": 14.99,
          "context": "Je Stück",
          "type_hint": "offer"
        }
      ],
      "confidence": "high",
      "page": 4,
      "tile": null,
      "original_price": null
    },
    {
      "product_name": "Silvercrest® Schneidebrett",
      "brand": "Silvercrest",
      "variant": null,
      "offer_price": 3.59,
      "price_before": null,
      "uvp": null,
      "unit_price_value": null,
      "unit_price_per": null,
      "discount_percent": null,
      "pack_size_text": "2 Stück; ca. 30 x 21 cm",
      "multi_buy_text": null,
      "lidl_plus": false,
      "lidl_plus_only": false,
      "other_badges": [],
      "category": null,
      "action_type": "regular",
      "price_candidates": [
        {
          "value": 3.59,
          "context": "Je Set",
          "type_hint": "offer"
        }
      ],
      "confidence": "high",
      "page": 4,
      "tile": null,
      "original_price": null
    },
    {
      "product_name": "Silvercrest® Alu-Minipfanne",
      "brand": "Silvercrest",
      "variant": null,
      "offer_price": 3.59,
      "price_before": null,
      "uvp": null,
      "unit_price_value": null,
      "unit_price_per": null,
      "discount_percent": null,
      "pack_size_text": "ca. Ø 14 cm",
      "multi_buy_text": null,
      "lidl_plus": false,
      "lidl_plus_only": false,
      "other_badges": [],
      "category": null,
      "action_type": "regular",
      "price_candidates": [
        {
          "value": 3.59,
          "context": "Je Stück",
          "type_hint": "offer"
        }
      ],
      "confidence": "high",
      "page": 4,
      "tile": null,
      "original_price": null
    },
    {
      "product_name": "Silvercrest Kitchen Tools Digitale Heißluft-Fritteuse XL",
      "brand": "Silvercrest",
      "variant": null,
      "offer_price": 44.99,
      "price_before": 49.99,
      "uvp": null,
      "unit_price_value": null,
      "unit_price_per": null,
      "discount_percent": 10.0,
      "pack_size_text": "ca. 5,2 l",
      "multi_buy_text": null,
      "lidl_plus": false,
      "lidl_plus_only": false,
      "other_badges": [],
      "category": null,
      "action_type": "regular",
      "price_candidates": [
        {
          "value": 44.99,
          "context": "offer",
          "type_hint": "offer"
        },
        {
          "value": 49.99,
          "context": "before",
          "type_hint": "before"
        }
      ],
      "confidence": "high",
      "page": 25,
      "tile": null,
      "original_price": null
    },
    {
      "product_name": "Silvercrest Pancake-Pfanne",
      "brand": "Silvercrest",
      "variant": null,
      "offer_price": 12.99,
      "price_before": null,
      "uvp": null,
      "unit_price_value": null,
      "unit_price_per": null,
      "discount_percent": null,
      "pack_size_text": "ca. Ø 26 cm",
      "multi_buy_text": null,
      "lidl_plus": false,
      "lidl_plus_only": false,
      "other_badges": [],
      "category": null,
      "action_type": "regular",
      "price_candidates": [
        {
          "value": 12.99,
          "context": "offer",
          "type_hint": "offer"
        }
      ],
      "confidence": "high",
      "page": 25,
      "tile": null,
      "original_price": null
    },
    {
      "product_name": "Silvercrest Elektrischer Pizzaofen",
      "brand": "Silvercrest",
      "variant": null,
      "offer_price": 59.99,
      "price_before": null,
      "uvp": null,
      "unit_price_value": null,
      "unit_price_per": null,
      "discount_percent": null,
      "pack_size_text": "max. 1.200 W",
      "multi_buy_text": null,
      "lidl_plus": false,
      "lidl_plus_only": false,
      "other_badges": [],
      "category": null,
      "action_type": "regular",
      "price_candidates": [
        {
          "value": 59.99,
          "context": "offer",
          "type_hint": "offer"
        }
      ],
      "confidence": "high",
      "page": 25,
      "tile": null,
      "original_price": null
    },
    {
      "product_name": "Silvercrest Kitchen Tools Mikrowelle",
      "brand": "Silvercrest",
      "variant": null,
      "offer_price": 39.99,
      "price_before": 49.99,
      "uvp": null,
      "unit_price_value": null,
      "unit_price_per": null,
      "discount_percent": 20.0,
      "pack_size_text": "ca. 17 l",
      "multi_buy_text": null,
      "lidl_plus": false,
      "lidl_plus_only": false,
      "other_badges": [],
      "category": null,
      "action_type": "regular",
      "price_candidates": [
        {
          "value": 39.99,
          "context": "offer",
          "type_hint": "offer"
        },
        {
          "value": 49.99,
          "context": "before",
          "type_hint": "before"
        }
      ],
      "confidence": "high",
      "page": 25,
      "tile": null,
      "original_price": null
    },
    {
      "product_name": "Silvercrest Aluguss-Pfanne",
      "brand": "Silvercrest",
      "variant": null,
      "offer_price": 13.49,
      "price_before": null,
      "uvp": null,
      "unit_price_value": null,
      "unit_price_per": null,
      "discount_percent": null,
      "pack_size_text": "ca. Ø 28 cm",
      "multi_buy_text": null,
      "lidl_plus": false,
      "lidl_plus_only": false,
      "other_badges": [],
      "category": null,
      "action_type": "regular",
      "price_candidates": [
        {
          "value": 13.49,
          "context": "offer",
          "type_hint": "offer"
        }
      ],
      "confidence": "high",
      "page": 25,
      "tile": null,
      "original_price": null
    },
    {
      "product_name": "Tefal OptiGrill",
      "brand": "Tefal",
      "variant": null,
      "offer_price": 79.99,
      "price_before": null,
      "uvp": 169.99,
      "unit_price_value": null,
      "unit_price_per": null,
      "discount_percent": 52.0,
      "pack_size_text": "2.000 W",
      "multi_buy_text": null,
      "lidl_plus": false,
      "lidl_plus_only": false,
      "other_badges": [],
      "category": null,
      "action_type": "regular",
      "price_candidates": [
        {
          "value": 79.99,
          "context": "offer",
          "type_hint": "offer"
        },
        {
          "value": 169.99,
          "context": "uvp",
          "type_hint": "uvp"
        }
      ],
      "confidence": "high",
      "page": 25,
      "tile": null,
      "original_price": null
    },
    {
      "product_name": "Silvercrest Kitchen Tools Sandwichmaker",
      "brand": "Silvercrest",
      "variant": null,
      "offer_price": 9.99,
      "price_before": null,
      "uvp": null,
      "unit_price_value": null,
      "unit_price_per": null,
      "discount_percent": null,
      "pack_size_text": "750 W",
      "multi_buy_text": null,
      "lidl_plus": false,
      "lidl_plus_only": false,
      "other_badges": [],
      "category": null,
      "action_type": "regular",
      "price_candidates": [
        {
          "value": 9.99,
          "context": "offer",
          "type_hint": "offer"
        }
      ],
      "confidence": "high",
      "page": 25,
      "tile": null,
      "original_price": null
    },
    {
      "product_name": "Philips Wasserkocher",
      "brand": "Philips",
      "variant": "Typ HD9318/10",
      "offer_price": 19.99,
      "price_before": null,
      "uvp": 39.99,
      "unit_price_value": null,
      "unit_price_per": null,
      "discount_percent": 50.0,
      "pack_size_text": null,
      "multi_buy_text": null,
      "lidl_plus": false,
      "lidl_plus_only": false,
      "other_badges": [],
      "category": null,
      "action_type": "regular",
      "price_candidates": [
        {
          "value": 19.99,
          "context": "offer",
          "type_hint": "offer"
        },
        {
          "value": 39.99,
          "context": "UVP",
          "type_hint": "uvp"
        }
      ],
      "confidence": "high",
      "page": 49,
      "tile": null,
      "original_price": null
    },
    {
      "product_name": "Philips Toaster",
      "brand": "Philips",
      "variant": "Typ HD2581/10",
      "offer_price": 19.99,
      "price_before": null,
      "uvp": 39.99,
      "unit_price_value": null,
      "unit_price_per": null,
      "discount_percent": 50.0,
      "pack_size_text": null,
      "multi_buy_text": null,
      "lidl_plus": false,
      "lidl_plus_only": false,
      "other_badges": [],
      "category": null,
      "action_type": "regular",
      "price_candidates": [
        {
          "value": 19.99,
          "context": "offer",
          "type_hint": "offer"
        },
        {
          "value": 39.99,
          "context": "UVP",
          "type_hint": "uvp"
        }
      ],
      "confidence": "high",
      "page": 49,
      "tile": null,
      "original_price": null
    },
    {
      "product_name": "Philips Kaffeepadmaschine",
      "brand": "Philips",
      "variant": "Modell SENSEO HD6552/39",
      "offer_price": 49.99,
      "price_before": null,
      "uvp": null,
      "unit_price_value": null,
      "unit_price_per": null,
      "discount_percent": null,
      "pack_size_text": null,
      "multi_buy_text": "32 Senseo Pads Gratis + 2 Senseo Gläser im Karton",
      "lidl_plus": false,
      "lidl_plus_only": false,
      "other_badges": [],
      "category": null,
      "action_type": "regular",
      "price_candidates": [
        {
          "value": 49.99,
          "context": "offer",
          "type_hint": "offer"
        }
      ],
      "confidence": "high",
      "page": 49,
      "tile": null,
      "original_price": null
    },
    {
      "product_name": "Philips Handmixer",
      "brand": "Philips",
      "variant": "Typ HR3740/00",
      "offer_price": 24.99,
      "price_before": null,
      "uvp": 39.99,
      "unit_price_value": null,
      "unit_price_per": null,
      "discount_percent": 37.0,
      "pack_size_text": null,
      "multi_buy_text": null,
      "lidl_plus": false,
      "lidl_plus_only": false,
      "other_badges": [
        "Auch online"
      ],
      "category": null,
      "action_type": "regular",
      "price_candidates": [
        {
          "value": 24.99,
          "context": "offer",
          "type_hint": "offer"
        },
        {
          "value": 39.99,
          "context": "UVP",
          "type_hint": "uvp"
        }
      ],
      "confidence": "high",
      "page": 49,
      "tile": null,
      "original_price": null
    },
    {
      "product_name": "Philips Stabmixer",
      "brand": "Philips",
      "variant": "Typ HR2522/00",
      "offer_price": 24.99,
      "price_before": null,
      "uvp": 29.99,
      "unit_price_value": null,
      "unit_price_per": null,
      "discount_percent": 16.0,
      "pack_size_text": null,
      "multi_buy_text": null,
      "lidl_plus": false,
      "lidl_plus_only": false,
      "other_badges": [
        "Auch online"
      ],
      "category": null,
      "action_type": "regular",
      "price_candidates": [
        {
          "value": 24.99,
          "context": "offer",
          "type_hint": "offer"
        },
        {
          "value": 29.99,
          "context": "UVP",
          "type_hint": "uvp"
        }
      ],
      "confidence": "high",
      "page": 49,
      "tile": null,
      "original_price": null
    },
    {
      "product_name": "Philips Batterien",
      "brand": "Philips",
      "variant": null,
      "offer_price": 4.99,
      "price_before": 12.99,
      "uvp": null,
      "unit_price_value": null,
      "unit_price_per": null,
      "discount_percent": 61.0,
      "pack_size_text": "Je 20 Stück",
      "multi_buy_text": null,
      "lidl_plus": false,
      "lidl_plus_only": false,
      "other_badges": [],
      "category": null,
      "action_type": "regular",
      "price_candidates": [
        {
          "value": 4.99,
          "context": "offer",
          "type_hint": "offer"
        },
        {
          "value": 12.99,
          "context": "before",
          "type_hint": "before"
        }
      ],
      "confidence": "high",
      "page": 49,
      "tile": null,
      "original_price": null
    },
    {
      "product_name": "Philips Staubsauger, beutellos",
      "brand": "Philips",
      "variant": "Typ XB2122/09",
      "offer_price": 69.99,
      "price_before": null,
      "uvp": 99.99,
      "unit_price_value": null,
      "unit_price_per": null,
      "discount_percent": 30.0,
      "pack_size_text": null,
      "multi_buy_text": null,
      "lidl_plus": false,
      "lidl_plus_only": false,
      "other_badges": [],
      "category": null,
      "action_type": "regular",
      "price_candidates": [
        {
          "value": 69.99,
          "context": "offer",
          "type_hint": "offer"
        },
        {
          "value": 99.99,
          "context": "UVP",
          "type_hint": "uvp"
        }
      ],
      "confidence": "high",
      "page": 49,
      "tile": null,
      "original_price": null
    },
    {
      "product_name": "NFL Trikot",
      "brand": null,
      "variant": "100 % Polyester, Größen: S-XL, Je Stück",
      "offer_price": 14.99,
      "price_before": null,
      "uvp": null,
      "unit_price_value": null,
      "unit_price_per": null,
      "discount_percent": null,
      "pack_size_text": null,
      "multi_buy_text": null,
      "lidl_plus": false,
      "lidl_plus_only": false,
      "other_badges": [
        "Auch online"
      ],
      "category": null,
      "action_type": "regular",
      "price_candidates": [
        {
          "value": 14.99,
          "context": "Je Stück",
          "type_hint": "offer"
        }
      ],
      "confidence": "high",
      "page": 27,
      "tile": null,
      "original_price": null
    },
    {
      "product_name": "NFL Sweathoodie",
      "brand": null,
      "variant": "Baumwolle und Polyester, Größen: M-XL, Je Stück",
      "offer_price": 9.99,
      "price_before": null,
      "uvp": null,
      "unit_price_value": null,
      "unit_price_per": null,
      "discount_percent": null,
      "pack_size_text": null,
      "multi_buy_text": null,
      "lidl_plus": false,
      "lidl_plus_only": false,
      "other_badges": [
        "Auch online"
      ],
      "category": null,
      "action_type": "regular",
      "price_candidates": [
        {
          "value": 9.99,
          "context": "Je Stück",
          "type_hint": "offer"
        }
      ],
      "confidence": "high",
      "page": 27,
      "tile": null,
      "original_price": null
    },
    {
      "product_name": "NFL Shorts",
      "brand": null,
      "variant": "100 % Polyester, Größen: S-XL, Je Stück",
      "offer_price": 9.99,
      "price_before": null,
      "uvp": null,
      "unit_price_value": null,
      "unit_price_per": null,
      "discount_percent": null,
      "pack_size_text": null,
      "multi_buy_text": null,
      "lidl_plus": false,
      "lidl_plus_only": false,
      "other_badges": [
        "Auch online"
      ],
      "category": null,
      "action_type": "regular",
      "price_candidates": [
        {
          "value": 9.99,
          "context": "Je Stück",
          "type_hint": "offer"
        }
      ],
      "confidence": "high",
      "page": 27,
      "tile": null,
      "original_price": null
    },
    {
      "product_name": "NFL Snack-Helm",
      "brand": null,
      "variant": "Für Chips, Kekse oder als Eisbehälter, Mit abnehmbarer Schale für z.B. Dips, Kunststoffbehälter spül",
      "offer_price": 15.99,
      "price_before": 19.99,
      "uvp": null,
      "unit_price_value": null,
      "unit_price_per": null,
      "discount_percent": 20.0,
      "pack_size_text": null,
      "multi_buy_text": null,
      "lidl_plus": false,
      "lidl_plus_only": false,
      "other_badges": [
        "Auch online"
      ],
      "category": null,
      "action_type": "regular",
      "price_candidates": [
        {
          "value": 15.99,
          "context": "Je Stück",
          "type_hint": "offer"
        },
        {
          "value": 19.99,
          "context": "Durchgestrichen",
          "type_hint": "before"
        },
        {
          "value": 20.0,
          "context": "Rabatt",
          "type_hint": "unknown"
        }
      ],
      "confidence": "high",
      "page": 27,
      "tile": null,
      "original_price": null
    },
    {
      "product_name": "Philips Soundbar 2.0",
      "brand": "Philips",
      "variant": "Typ_TABD509/10, Mit 4 EQ-Klangmodi und Gesprächsoptimierung, Bluetooth 5.1 mit LE-Audio-Unterstützun",
      "offer_price": 59.99,
      "price_before": null,
      "uvp": 149.0,
      "unit_price_value": null,
      "unit_price_per": null,
      "discount_percent": 59.0,
      "pack_size_text": null,
      "multi_buy_text": null,
      "lidl_plus": false,
      "lidl_plus_only": false,
      "other_badges": [
        "Auch online"
      ],
      "category": null,
      "action_type": "regular",
      "price_candidates": [
        {
          "value": 59.99,
          "context": "Je Stück",
          "type_hint": "offer"
        },
        {
          "value": 149.0,
          "context": "UVP",
          "type_hint": "uvp"
        },
        {
          "value": 59.0,
          "context": "Rabatt",
          "type_hint": "unknown"
        }
      ],
      "confidence": "high",
      "page": 27,
      "tile": null,
      "original_price": null
    },
    {
      "product_name": "McEnnedy Football Box",
      "brand": "McEnnedy",
      "variant": "Tiefgefroren",
      "offer_price": 4.99,
      "price_before": null,
      "uvp": null,
      "unit_price_value": 5.87,
      "unit_price_per": "kg",
      "discount_percent": null,
      "pack_size_text": "850 g",
      "multi_buy_text": null,
      "lidl_plus": false,
      "lidl_plus_only": false,
      "other_badges": [],
      "category": null,
      "action_type": "regular",
      "price_candidates": [
        {
          "value": 4.99,
          "context": "offer",
          "type_hint": "offer"
        },
        {
          "value": 5.87,
          "context": "1 kg",
          "type_hint": "unit"
        }
      ],
      "confidence": "high",
      "page": 51,
      "tile": null,
      "original_price": null
    },
    {
      "product_name": "McEnnedy Chicken Wings",
      "brand": "McEnnedy",
      "variant": "Mariniert in versch. Sorten. Tiefgefroren",
      "offer_price": 4.49,
      "price_before": null,
      "uvp": null,
      "unit_price_value": 5.99,
      "unit_price_per": "kg",
      "discount_percent": null,
      "pack_size_text": "750 g",
      "multi_buy_text": null,
      "lidl_plus": false,
      "lidl_plus_only": false,
      "other_badges": [],
      "category": null,
      "action_type": "regular",
      "price_candidates": [
        {
          "value": 4.49,
          "context": "offer",
          "type_hint": "offer"
        },
        {
          "value": 5.99,
          "context": "1 kg",
          "type_hint": "unit"
        }
      ],
      "confidence": "high",
      "page": 51,
      "tile": null,
      "original_price": null
    },
    {
      "product_name": "McEnnedy American Style Chicken Nuggets",
      "brand": "McEnnedy",
      "variant": "Mit Curry Dip. Tiefgefroren",
      "offer_price": 4.49,
      "price_before": null,
      "uvp": null,
      "unit_price_value": 8.98,
      "unit_price_per": "kg",
      "discount_percent": null,
      "pack_size_text": "500 g",
      "multi_buy_text": null,
      "lidl_plus": false,
      "lidl_plus_only": false,
      "other_badges": [],
      "category": null,
      "action_type": "regular",
      "price_candidates": [
        {
          "value": 4.49,
          "context": "offer",
          "type_hint": "offer"
        },
        {
          "value": 8.98,
          "context": "1 kg",
          "type_hint": "unit"
        }
      ],
      "confidence": "high",
      "page": 51,
      "tile": null,
      "original_price": null
    },
    {
      "product_name": "McEnnedy Chicken Wings/Bites/Crispies",
      "brand": "McEnnedy",
      "variant": "Gekühlt",
      "offer_price": 2.69,
      "price_before": null,
      "uvp": null,
      "unit_price_value": 8.97,
      "unit_price_per": "kg",
      "discount_percent": null,
      "pack_size_text": "300/250 g",
      "multi_buy_text": null,
      "lidl_plus": false,
      "lidl_plus_only": false,
      "other_badges": [],
      "category": null,
      "action_type": "regular",
      "price_candidates": [
        {
          "value": 2.69,
          "context": "offer",
          "type_hint": "offer"
        },
        {
          "value": 8.97,
          "context": "1 kg",
          "type_hint": "unit"
        },
        {
          "value": 10.76,
          "context": "1 kg",
          "type_hint": "unit"
        }
      ],
      "confidence": "high",
      "page": 51,
      "tile": null,
      "original_price": null
    },
    {
      "product_name": "McEnnedy Chicken Bites",
      "brand": "McEnnedy",
      "variant": "Versch. Sorten. Inklusive Sauce. Gekühlt",
      "offer_price": 7.99,
      "price_before": null,
      "uvp": null,
      "unit_price_value": 10.65,
      "unit_price_per": "kg",
      "discount_percent": null,
      "pack_size_text": "750 g",
      "multi_buy_text": null,
      "lidl_plus": false,
      "lidl_plus_only": false,
      "other_badges": [],
      "category": null,
      "action_type": "regular",
      "price_candidates": [
        {
          "value": 7.99,
          "context": "offer",
          "type_hint": "offer"
        },
        {
          "value": 10.65,
          "context": "1 kg",
          "type_hint": "unit"
        }
      ],
      "confidence": "high",
      "page": 51,
      "tile": null,
      "original_price": null
    },
    {
      "product_name": "McEnnedy Lasagne",
      "brand": "McEnnedy",
      "variant": null,
      "offer_price": null,
      "price_before": null,
      "uvp": null,
      "unit_price_value": 4.49,
      "unit_price_per": "kg",
      "discount_percent": null,
      "pack_size_text": "Je 1 kg",
      "multi_buy_text": null,
      "lidl_plus": false,
      "lidl_plus_only": false,
      "other_badges": [],
      "category": null,
      "action_type": "regular",
      "price_candidates": [
        {
          "value": 4.49,
          "context": "offer",
          "type_hint": "offer"
        }
      ],
      "confidence": "high",
      "page": 29,
      "tile": null,
      "original_price": null
    },
    {
      "product_name": "McEnnedy Hot Dog Würstchen",
      "brand": "McEnnedy",
      "variant": null,
      "offer_price": 2.49,
      "price_before": null,
      "uvp": null,
      "unit_price_value": 8.3,
      "unit_price_per": "kg",
      "discount_percent": null,
      "pack_size_text": "Je 550 g Abtropfgewicht 390 g",
      "multi_buy_text": null,
      "lidl_plus": false,
      "lidl_plus_only": false,
      "other_badges": [],
      "category": null,
      "action_type": "regular",
      "price_candidates": [
        {
          "value": 2.49,
          "context": "offer",
          "type_hint": "offer"
        },
        {
          "value": 8.3,
          "context": "1 kg",
          "type_hint": "unit"
        }
      ],
      "confidence": "high",
      "page": 29,
      "tile": null,
      "original_price": null
    },
    {
      "product_name": "Coca-Cola",
      "brand": null,
      "variant": null,
      "offer_price": 8.49,
      "price_before": null,
      "uvp": null,
      "unit_price_value": 4.5,
      "unit_price_per": "l",
      "discount_percent": 52.0,
      "pack_size_text": "Je 6x1,25 l",
      "multi_buy_text": null,
      "lidl_plus": false,
      "lidl_plus_only": false,
      "other_badges": [],
      "category": null,
      "action_type": "regular",
      "price_candidates": [
        {
          "value": 8.49,
          "context": "offer",
          "type_hint": "offer"
        },
        {
          "value": 4.5,
          "context": "1 l",
          "type_hint": "unit"
        },
        {
          "value": 52.0,
          "context": "discount",
          "type_hint": "unknown"
        }
      ],
      "confidence": "high",
      "page": 29,
      "tile": null,
      "original_price": null
    },
    {
      "product_name": "McEnnedy BBQ Salat",
      "brand": "McEnnedy",
      "variant": null,
      "offer_price": 1.69,
      "price_before": null,
      "uvp": null,
      "unit_price_value": 4.83,
      "unit_price_per": "kg",
      "discount_percent": null,
      "pack_size_text": "Je 350/300 g",
      "multi_buy_text": null,
      "lidl_plus": false,
      "lidl_plus_only": false,
      "other_badges": [],
      "category": null,
      "action_type": "regular",
      "price_candidates": [
        {
          "value": 1.69,
          "context": "offer",
          "type_hint": "offer"
        },
        {
          "value": 4.83,
          "context": "1 kg",
          "type_hint": "unit"
        }
      ],
      "confidence": "high",
      "page": 29,
      "tile": null,
      "original_price": null
    },
    {
      "product_name": "McEnnedy Sauce",
      "brand": "McEnnedy",
      "variant": null,
      "offer_price": 1.79,
      "price_before": null,
      "uvp": null,
      "unit_price_value": 5.14,
      "unit_price_per": "kg",
      "discount_percent": null,
      "pack_size_text": "Je 348/324/315 g",
      "multi_buy_text": null,
      "lidl_plus": false,
      "lidl_plus_only": false,
      "other_badges": [],
      "category": null,
      "action_type": "regular",
      "price_candidates": [
        {
          "value": 1.79,
          "context": "offer",
          "type_hint": "offer"
        },
        {
          "value": 5.14,
          "context": "1 kg",
          "type_hint": "unit"
        }
      ],
      "confidence": "high",
      "page": 29,
      "tile": null,
      "original_price": null
    },
    {
      "product_name": "Calypso Ocean Blue Lemonade",
      "brand": "Calypso",
      "variant": null,
      "offer_price": 1.99,
      "price_before": 2.79,
      "uvp": null,
      "unit_price_value": 4.21,
      "unit_price_per": "l",
      "discount_percent": 28.0,
      "pack_size_text": "Je 0,473 l",
      "multi_buy_text": null,
      "lidl_plus": false,
      "lidl_plus_only": false,
      "other_badges": [],
      "category": null,
      "action_type": "regular",
      "price_candidates": [
        {
          "value": 1.99,
          "context": "offer",
          "type_hint": "offer"
        },
        {
          "value": 2.79,
          "context": "UVP",
          "type_hint": "before"
        },
        {
          "value": 4.21,
          "context": "1 l",
          "type_hint": "unit"
        },
        {
          "value": 28.0,
          "context": "discount",
          "type_hint": "unknown"
        }
      ],
      "confidence": "high",
      "page": 29,
      "tile": null,
      "original_price": null
    },
    {
      "product_name": "McEnnedy Double Burger",
      "brand": "McEnnedy",
      "variant": null,
      "offer_price": 2.99,
      "price_before": null,
      "uvp": null,
      "unit_price_value": 9.97,
      "unit_price_per": "kg",
      "discount_percent": null,
      "pack_size_text": "Je 300 g",
      "multi_buy_text": null,
      "lidl_plus": false,
      "lidl_plus_only": false,
      "other_badges": [],
      "category": null,
      "action_type": "regular",
      "price_candidates": [
        {
          "value": 2.99,
          "context": "offer",
          "type_hint": "offer"
        },
        {
          "value": 9.97,
          "context": "1 kg",
          "type_hint": "unit"
        }
      ],
      "confidence": "high",
      "page": 29,
      "tile": null,
      "original_price": null
    },
    {
      "product_name": "McEnnedy Curleys XXL",
      "brand": "McEnnedy",
      "variant": null,
      "offer_price": 2.49,
      "price_before": 2.99,
      "uvp": null,
      "unit_price_value": 2.08,
      "unit_price_per": "kg",
      "discount_percent": 16.0,
      "pack_size_text": "Je 1,2 kg",
      "multi_buy_text": null,
      "lidl_plus": true,
      "lidl_plus_only": false,
      "other_badges": [],
      "category": null,
      "action_type": "lidl_plus",
      "price_candidates": [
        {
          "value": 2.49,
          "context": "offer",
          "type_hint": "offer"
        },
        {
          "value": 2.99,
          "context": "before",
          "type_hint": "before"
        },
        {
          "value": 2.08,
          "context": "1 kg",
          "type_hint": "unit"
        },
        {
          "value": 16.0,
          "context": "discount",
          "type_hint": "unknown"
        }
      ],
      "confidence": "high",
      "page": 29,
      "tile": null,
      "original_price": null
    },
    {
      "product_name": "McEnnedy Spare Ribs",
      "brand": "McEnnedy",
      "variant": null,
      "offer_price": 4.99,
      "price_before": null,
      "uvp": null,
      "unit_price_value": 9.98,
      "unit_price_per": "kg",
      "discount_percent": null,
      "pack_size_text": "Je 500 g",
      "multi_buy_text": null,
      "lidl_plus": false,
      "lidl_plus_only": false,
      "other_badges": [],
      "category": null,
      "action_type": "regular",
      "price_candidates": [
        {
          "value": 4.99,
          "context": "offer",
          "type_hint": "offer"
        },
        {
          "value": 9.98,
          "context": "1 kg",
          "type_hint": "unit"
        }
      ],
      "confidence": "high",
      "page": 29,
      "tile": null,
      "original_price": null
    },
    {
      "product_name": "McEnedy American Style Pancakes",
      "brand": "McEnedy",
      "variant": null,
      "offer_price": 1.99,
      "price_before": null,
      "uvp": null,
      "unit_price_value": 6.63,
      "unit_price_per": "kg",
      "discount_percent": null,
      "pack_size_text": "3 x 300 g",
      "multi_buy_text": null,
      "lidl_plus": false,
      "lidl_plus_only": false,
      "other_badges": [],
      "category": null,
      "action_type": "regular",
      "price_candidates": [
        {
          "value": 1.99,
          "context": "offer",
          "type_hint": "offer"
        },
        {
          "value": 6.63,
          "context": "unit",
          "type_hint": "unit"
        }
      ],
      "confidence": "high",
      "page": 53,
      "tile": null,
      "original_price": null
    },
    {
      "product_name": "McEnedy Muffins XXL",
      "brand": "McEnedy",
      "variant": null,
      "offer_price": 2.69,
      "price_before": null,
      "uvp": null,
      "unit_price_value": 4.98,
      "unit_price_per": "kg",
      "discount_percent": null,
      "pack_size_text": "540 g",
      "multi_buy_text": null,
      "lidl_plus": false,
      "lidl_plus_only": false,
      "other_badges": [],
      "category": null,
      "action_type": "regular",
      "price_candidates": [
        {
          "value": 2.69,
          "context": "offer",
          "type_hint": "offer"
        },
        {
          "value": 4.98,
          "context": "unit",
          "type_hint": "unit"
        }
      ],
      "confidence": "high",
      "page": 53,
      "tile": null,
      "original_price": null
    },
    {
      "product_name": "McEnedy Ahornsirup",
      "brand": "McEnedy",
      "variant": null,
      "offer_price": 3.29,
      "price_before": null,
      "uvp": null,
      "unit_price_value": 13.16,
      "unit_price_per": "l",
      "discount_percent": null,
      "pack_size_text": "250 ml",
      "multi_buy_text": null,
      "lidl_plus": false,
      "lidl_plus_only": false,
      "other_badges": [],
      "category": null,
      "action_type": "regular",
      "price_candidates": [
        {
          "value": 3.29,
          "context": "offer",
          "type_hint": "offer"
        },
        {
          "value": 13.16,
          "context": "unit",
          "type_hint": "unit"
        }
      ],
      "confidence": "high",
      "page": 53,
      "tile": null,
      "original_price": null
    },
    {
      "product_name": "McEnedy Peanut Butter",
      "brand": "McEnedy",
      "variant": null,
      "offer_price": 2.29,
      "price_before": null,
      "uvp": null,
      "unit_price_value": 5.04,
      "unit_price_per": "kg",
      "discount_percent": null,
      "pack_size_text": "454 g",
      "multi_buy_text": null,
      "lidl_plus": false,
      "lidl_plus_only": false,
      "other_badges": [
        "VEGAN"
      ],
      "category": null,
      "action_type": "regular",
      "price_candidates": [
        {
          "value": 2.29,
          "context": "offer",
          "type_hint": "offer"
        },
        {
          "value": 5.04,
          "context": "unit",
          "type_hint": "unit"
        }
      ],
      "confidence": "high",
      "page": 53,
      "tile": null,
      "original_price": null
    },
    {
      "product_name": "McEnedy Pastrami",
      "brand": "McEnedy",
      "variant": null,
      "offer_price": 1.99,
      "price_before": null,
      "uvp": null,
      "unit_price_value": 19.9,
      "unit_price_per": "kg",
      "discount_percent": null,
      "pack_size_text": "100 g",
      "multi_buy_text": null,
      "lidl_plus": false,
      "lidl_plus_only": false,
      "other_badges": [],
      "category": null,
      "action_type": "regular",
      "price_candidates": [
        {
          "value": 1.99,
          "context": "offer",
          "type_hint": "offer"
        },
        {
          "value": 19.9,
          "context": "unit",
          "type_hint": "unit"
        }
      ],
      "confidence": "high",
      "page": 53,
      "tile": null,
      "original_price": null
    },
    {
      "product_name": "McEnedy Beef Jerky",
      "brand": "McEnedy",
      "variant": null,
      "offer_price": 1.99,
      "price_before": null,
      "uvp": null,
      "unit_price_value": 44.22,
      "unit_price_per": "kg",
      "discount_percent": null,
      "pack_size_text": "45 g",
      "multi_buy_text": null,
      "lidl_plus": false,
      "lidl_plus_only": false,
      "other_badges": [],
      "category": null,
      "action_type": "regular",
      "price_candidates": [
        {
          "value": 1.99,
          "context": "offer",
          "type_hint": "offer"
        },
        {
          "value": 44.22,
          "context": "unit",
          "type_hint": "unit"
        }
      ],
      "confidence": "high",
      "page": 53,
      "tile": null,
      "original_price": null
    },
    {
      "product_name": "McEnedy Burger Slices",
      "brand": "McEnedy",
      "variant": null,
      "offer_price": 2.69,
      "price_before": null,
      "uvp": null,
      "unit_price_value": 13.45,
      "unit_price_per": "kg",
      "discount_percent": null,
      "pack_size_text": "200 g",
      "multi_buy_text": "12 Scheiben",
      "lidl_plus": false,
      "lidl_plus_only": false,
      "other_badges": [],
      "category": null,
      "action_type": "regular",
      "price_candidates": [
        {
          "value": 2.69,
          "context": "offer",
          "type_hint": "offer"
        },
        {
          "value": 13.45,
          "context": "unit",
          "type_hint": "unit"
        }
      ],
      "confidence": "high",
      "page": 53,
      "tile": null,
      "original_price": null
    },
    {
      "product_name": "McEnedy Bagels",
      "brand": "McEnedy",
      "variant": null,
      "offer_price": 1.69,
      "price_before": null,
      "uvp": null,
      "unit_price_value": 4.97,
      "unit_price_per": "kg",
      "discount_percent": null,
      "pack_size_text": "340 g",
      "multi_buy_text": "4er-Pack",
      "lidl_plus": false,
      "lidl_plus_only": false,
      "other_badges": [],
      "category": null,
      "action_type": "regular",
      "price_candidates": [
        {
          "value": 1.69,
          "context": "offer",
          "type_hint": "offer"
        },
        {
          "value": 4.97,
          "context": "unit",
          "type_hint": "unit"
        }
      ],
      "confidence": "high",
      "page": 53,
      "tile": null,
      "original_price": null
    },
    {
      "product_name": "USA – New York",
      "brand": null,
      "variant": null,
      "offer_price": 999.0,
      "price_before": null,
      "uvp": null,
      "unit_price_value": null,
      "unit_price_per": null,
      "discount_percent": null,
      "pack_size_text": "7 Nächte p.P. ab",
      "multi_buy_text": null,
      "lidl_plus": false,
      "lidl_plus_only": false,
      "other_badges": [
        "Inkl. Flug"
      ],
      "category": null,
      "action_type": "regular",
      "price_candidates": [
        {
          "value": 999.0,
          "context": "offer",
          "type_hint": "offer"
        }
      ],
      "confidence": "high",
      "page": 53,
      "tile": null,
      "original_price": null
    },
    {
      "product_name": "McEnnedy Popcorn süß",
      "brand": "McEnnedy",
      "variant": null,
      "offer_price": 2.49,
      "price_before": null,
      "uvp": null,
      "unit_price_value": 9.96,
      "unit_price_per": "kg",
      "discount_percent": null,
      "pack_size_text": "250 g",
      "multi_buy_text": null,
      "lidl_plus": false,
      "lidl_plus_only": false,
      "other_badges": [],
      "category": null,
      "action_type": "regular",
      "price_candidates": [
        {
          "value": 2.49,
          "context": "offer",
          "type_hint": "offer"
        },
        {
          "value": 9.96,
          "context": "1 kg",
          "type_hint": "unit"
        }
      ],
      "confidence": "high",
      "page": 54,
      "tile": null,
      "original_price": null
    },
    {
      "product_name": "McEnnedy Orangensaft XXL",
      "brand": "McEnnedy",
      "variant": null,
      "offer_price": 4.49,
      "price_before": null,
      "uvp": null,
      "unit_price_value": 2.25,
      "unit_price_per": "l",
      "discount_percent": null,
      "pack_size_text": "2 l",
      "multi_buy_text": null,
      "lidl_plus": false,
      "lidl_plus_only": false,
      "other_badges": [
        "VEGAN"
      ],
      "category": null,
      "action_type": "regular",
      "price_candidates": [
        {
          "value": 4.49,
          "context": "offer",
          "type_hint": "offer"
        },
        {
          "value": 2.25,
          "context": "1 l",
          "type_hint": "unit"
        }
      ],
      "confidence": "high",
      "page": 54,
      "tile": null,
      "original_price": null
    },
    {
      "product_name": "McEnnedy Soft Cookies",
      "brand": "McEnnedy",
      "variant": null,
      "offer_price": 1.99,
      "price_before": null,
      "uvp": null,
      "unit_price_value": 8.84,
      "unit_price_per": "kg",
      "discount_percent": null,
      "pack_size_text": "225 g",
      "multi_buy_text": null,
      "lidl_plus": false,
      "lidl_plus_only": false,
      "other_badges": [],
      "category": null,
      "action_type": "regular",
      "price_candidates": [
        {
          "value": 1.99,
          "context": "offer",
          "type_hint": "offer"
        },
        {
          "value": 8.84,
          "context": "1 kg",
          "type_hint": "unit"
        }
      ],
      "confidence": "high",
      "page": 54,
      "tile": null,
      "original_price": null
    },
    {
      "product_name": "Southern Comfort Original",
      "brand": null,
      "variant": null,
      "offer_price": 9.99,
      "price_before": null,
      "uvp": null,
      "unit_price_value": 14.27,
      "unit_price_per": "l",
      "discount_percent": null,
      "pack_size_text": "0.7 l",
      "multi_buy_text": null,
      "lidl_plus": false,
      "lidl_plus_only": false,
      "other_badges": [
        "Auch online"
      ],
      "category": "alcohol",
      "action_type": "restricted",
      "price_candidates": [
        {
          "value": 9.99,
          "context": "offer",
          "type_hint": "offer"
        },
        {
          "value": 14.27,
          "context": "1 l",
          "type_hint": "unit"
        }
      ],
      "confidence": "high",
      "page": 54,
      "tile": null,
      "original_price": null
    },
    {
      "product_name": "Buffalo Trace Kentucky Straight Bourbon",
      "brand": null,
      "variant": null,
      "offer_price": 16.99,
      "price_before": null,
      "uvp": 22.49,
      "unit_price_value": 24.27,
      "unit_price_per": "l",
      "discount_percent": 24.0,
      "pack_size_text": "0.7 l",
      "multi_buy_text": null,
      "lidl_plus": false,
      "lidl_plus_only": false,
      "other_badges": [
        "Nur online"
      ],
      "category": "alcohol",
      "action_type": "restricted",
      "price_candidates": [
        {
          "value": 16.99,
          "context": "offer",
          "type_hint": "offer"
        },
        {
          "value": 22.49,
          "context": "UVP",
          "type_hint": "uvp"
        },
        {
          "value": 24.27,
          "context": "1 l",
          "type_hint": "unit"
        }
      ],
      "confidence": "high",
      "page": 54,
      "tile": null,
      "original_price": null
    },
    {
      "product_name": "McEnnedy Pommes-Snack",
      "brand": "McEnnedy",
      "variant": null,
      "offer_price": 1.29,
      "price_before": null,
      "uvp": null,
      "unit_price_value": 7.37,
      "unit_price_per": "kg",
      "discount_percent": null,
      "pack_size_text": "175 g",
      "multi_buy_text": null,
      "lidl_plus": false,
      "lidl_plus_only": false,
      "other_badges": [],
      "category": null,
      "action_type": "regular",
      "price_candidates": [
        {
          "value": 1.29,
          "context": "offer",
          "type_hint": "offer"
        },
        {
          "value": 7.37,
          "context": "1 kg",
          "type_hint": "unit"
        }
      ],
      "confidence": "high",
      "page": 54,
      "tile": null,
      "original_price": null
    },
    {
      "product_name": "Takis",
      "brand": null,
      "variant": null,
      "offer_price": 2.99,
      "price_before": null,
      "uvp": null,
      "unit_price_value": 18.69,
      "unit_price_per": "kg",
      "discount_percent": null,
      "pack_size_text": "160 g",
      "multi_buy_text": null,
      "lidl_plus": false,
      "lidl_plus_only": false,
      "other_badges": [
        "Im Aufsteller"
      ],
      "category": null,
      "action_type": "regular",
      "price_candidates": [
        {
          "value": 2.99,
          "context": "offer",
          "type_hint": "offer"
        },
        {
          "value": 18.69,
          "context": "1 kg",
          "type_hint": "unit"
        }
      ],
      "confidence": "high",
      "page": 54,
      "tile": null,
      "original_price": null
    },
    {
      "product_name": "Alesto Selection Kalifornische Pistazien XXL",
      "brand": "Alesto",
      "variant": null,
      "offer_price": 5.99,
      "price_before": null,
      "uvp": null,
      "unit_price_value": 11.98,
      "unit_price_per": "kg",
      "discount_percent": 14.0,
      "pack_size_text": "500 g",
      "multi_buy_text": null,
      "lidl_plus": false,
      "lidl_plus_only": false,
      "other_badges": [],
      "category": null,
      "action_type": "regular",
      "price_candidates": [
        {
          "value": 5.99,
          "context": "offer",
          "type_hint": "offer"
        },
        {
          "value": 11.98,
          "context": "1 kg",
          "type_hint": "unit"
        }
      ],
      "confidence": "high",
      "page": 54,
      "tile": null,
      "original_price": null
    },
    {
      "product_name": "McEnnedy Jumbo Erdnussflips",
      "brand": "McEnnedy",
      "variant": null,
      "offer_price": 1.99,
      "price_before": null,
      "uvp": null,
      "unit_price_value": 4.42,
      "unit_price_per": "kg",
      "discount_percent": null,
      "pack_size_text": "450 g",
      "multi_buy_text": null,
      "lidl_plus": false,
      "lidl_plus_only": false,
      "other_badges": [
        "VEGAN"
      ],
      "category": null,
      "action_type": "regular",
      "price_candidates": [
        {
          "value": 1.99,
          "context": "offer",
          "type_hint": "offer"
        },
        {
          "value": 4.42,
          "context": "1 kg",
          "type_hint": "unit"
        }
      ],
      "confidence": "high",
      "page": 54,
      "tile": null,
      "original_price": null
    },
    {
      "product_name": "McEnedy Crunchy Chicken Bucket",
      "brand": "McEnedy",
      "variant": null,
      "offer_price": 5.99,
      "price_before": null,
      "uvp": null,
      "unit_price_value": 9.22,
      "unit_price_per": "kg",
      "discount_percent": null,
      "pack_size_text": "650 g",
      "multi_buy_text": null,
      "lidl_plus": false,
      "lidl_plus_only": false,
      "other_badges": [],
      "category": null,
      "action_type": "regular",
      "price_candidates": [
        {
          "value": 5.99,
          "context": "offer",
          "type_hint": "offer"
        },
        {
          "value": 9.22,
          "context": "1 kg",
          "type_hint": "unit"
        }
      ],
      "confidence": "high",
      "page": 55,
      "tile": null,
      "original_price": null
    },
    {
      "product_name": "McEnedy Chicken Popcorn",
      "brand": "McEnedy",
      "variant": null,
      "offer_price": 2.99,
      "price_before": null,
      "uvp": null,
      "unit_price_value": 9.97,
      "unit_price_per": "kg",
      "discount_percent": null,
      "pack_size_text": "300 g",
      "multi_buy_text": null,
      "lidl_plus": false,
      "lidl_plus_only": false,
      "other_badges": [],
      "category": null,
      "action_type": "regular",
      "price_candidates": [
        {
          "value": 2.99,
          "context": "offer",
          "type_hint": "offer"
        },
        {
          "value": 9.97,
          "context": "1 kg",
          "type_hint": "unit"
        }
      ],
      "confidence": "high",
      "page": 55,
      "tile": null,
      "original_price": null
    },
    {
      "product_name": "McEnedy Stuffed Crust Pizza",
      "brand": "McEnedy",
      "variant": null,
      "offer_price": 3.69,
      "price_before": null,
      "uvp": null,
      "unit_price_value": 7.38,
      "unit_price_per": "kg",
      "discount_percent": null,
      "pack_size_text": "500/450 g",
      "multi_buy_text": null,
      "lidl_plus": false,
      "lidl_plus_only": false,
      "other_badges": [],
      "category": null,
      "action_type": "regular",
      "price_candidates": [
        {
          "value": 3.69,
          "context": "offer",
          "type_hint": "offer"
        },
        {
          "value": 7.38,
          "context": "1 kg",
          "type_hint": "unit"
        }
      ],
      "confidence": "high",
      "page": 55,
      "tile": null,
      "original_price": null
    },
    {
      "product_name": "McEnedy American Style Snack Box",
      "brand": "McEnedy",
      "variant": null,
      "offer_price": 3.99,
      "price_before": null,
      "uvp": null,
      "unit_price_value": 8.87,
      "unit_price_per": "kg",
      "discount_percent": null,
      "pack_size_text": "450 g",
      "multi_buy_text": null,
      "lidl_plus": false,
      "lidl_plus_only": false,
      "other_badges": [],
      "category": null,
      "action_type": "regular",
      "price_candidates": [
        {
          "value": 3.99,
          "context": "offer",
          "type_hint": "offer"
        },
        {
          "value": 8.87,
          "context": "1 kg",
          "type_hint": "unit"
        }
      ],
      "confidence": "high",
      "page": 55,
      "tile": null,
      "original_price": null
    },
    {
      "product_name": "McEnedy Pulled Turkey",
      "brand": "McEnedy",
      "variant": null,
      "offer_price": 4.99,
      "price_before": null,
      "uvp": null,
      "unit_price_value": 9.98,
      "unit_price_per": "kg",
      "discount_percent": null,
      "pack_size_text": "500 g",
      "multi_buy_text": null,
      "lidl_plus": false,
      "lidl_plus_only": false,
      "other_badges": [],
      "category": null,
      "action_type": "regular",
      "price_candidates": [
        {
          "value": 4.99,
          "context": "offer",
          "type_hint": "offer"
        },
        {
          "value": 9.98,
          "context": "1 kg",
          "type_hint": "unit"
        }
      ],
      "confidence": "high",
      "page": 55,
      "tile": null,
      "original_price": null
    },
    {
      "product_name": "McEnedy Burger",
      "brand": "McEnedy",
      "variant": null,
      "offer_price": 2.49,
      "price_before": null,
      "uvp": null,
      "unit_price_value": 11.86,
      "unit_price_per": "kg",
      "discount_percent": null,
      "pack_size_text": "210/200 g",
      "multi_buy_text": null,
      "lidl_plus": false,
      "lidl_plus_only": false,
      "other_badges": [],
      "category": null,
      "action_type": "regular",
      "price_candidates": [
        {
          "value": 2.49,
          "context": "offer",
          "type_hint": "offer"
        },
        {
          "value": 11.86,
          "context": "1 kg",
          "type_hint": "unit"
        }
      ],
      "confidence": "high",
      "page": 55,
      "tile": null,
      "original_price": null
    },
    {
      "product_name": "McEnedy Mac & Cheese",
      "brand": "McEnedy",
      "variant": null,
      "offer_price": 3.99,
      "price_before": null,
      "uvp": null,
      "unit_price_value": null,
      "unit_price_per": null,
      "discount_percent": null,
      "pack_size_text": "1 kg",
      "multi_buy_text": null,
      "lidl_plus": false,
      "lidl_plus_only": false,
      "other_badges": [],
      "category": null,
      "action_type": "regular",
      "price_candidates": [
        {
          "value": 3.99,
          "context": "offer",
          "type_hint": "offer"
        }
      ],
      "confidence": "high",
      "page": 55,
      "tile": null,
      "original_price": null
    },
    {
      "product_name": "McEnedy Hähnchenbrust Filetstücke",
      "brand": "McEnedy",
      "variant": null,
      "offer_price": 1.99,
      "price_before": null,
      "uvp": null,
      "unit_price_value": 13.27,
      "unit_price_per": "kg",
      "discount_percent": null,
      "pack_size_text": "150 g",
      "multi_buy_text": null,
      "lidl_plus": false,
      "lidl_plus_only": false,
      "other_badges": [],
      "category": null,
      "action_type": "regular",
      "price_candidates": [
        {
          "value": 1.99,
          "context": "offer",
          "type_hint": "offer"
        },
        {
          "value": 13.27,
          "context": "1 kg",
          "type_hint": "unit"
        }
      ],
      "confidence": "high",
      "page": 55,
      "tile": null,
      "original_price": null
    },
    {
      "product_name": "McEnnedy Partybällchen",
      "brand": "McEnnedy",
      "variant": null,
      "offer_price": 2.79,
      "price_before": null,
      "uvp": null,
      "unit_price_value": 9.96,
      "unit_price_per": "kg",
      "discount_percent": null,
      "pack_size_text": "Je 280 g",
      "multi_buy_text": null,
      "lidl_plus": false,
      "lidl_plus_only": false,
      "other_badges": [],
      "category": null,
      "action_type": "regular",
      "price_candidates": [
        {
          "value": 2.79,
          "context": "offer",
          "type_hint": "offer"
        },
        {
          "value": 9.96,
          "context": "1 kg =",
          "type_hint": "unit"
        }
      ],
      "confidence": "high",
      "page": 56,
      "tile": null,
      "original_price": null
    },
    {
      "product_name": "McEnnedy Tex Mex Reibekäse",
      "brand": "McEnnedy",
      "variant": null,
      "offer_price": 1.99,
      "price_before": null,
      "uvp": null,
      "unit_price_value": 9.95,
      "unit_price_per": "kg",
      "discount_percent": null,
      "pack_size_text": "Je 200 g",
      "multi_buy_text": null,
      "lidl_plus": false,
      "lidl_plus_only": false,
      "other_badges": [],
      "category": null,
      "action_type": "regular",
      "price_candidates": [
        {
          "value": 1.99,
          "context": "offer",
          "type_hint": "offer"
        },
        {
          "value": 9.95,
          "context": "1 kg =",
          "type_hint": "unit"
        }
      ],
      "confidence": "high",
      "page": 56,
      "tile": null,
      "original_price": null
    },
    {
      "product_name": "McEnnedy Pancake-/Waffel-Backmischung",
      "brand": "McEnnedy",
      "variant": null,
      "offer_price": 1.29,
      "price_before": null,
      "uvp": null,
      "unit_price_value": 5.81,
      "unit_price_per": "kg",
      "discount_percent": null,
      "pack_size_text": "Je 222/200 g",
      "multi_buy_text": null,
      "lidl_plus": false,
      "lidl_plus_only": false,
      "other_badges": [],
      "category": null,
      "action_type": "regular",
      "price_candidates": [
        {
          "value": 1.29,
          "context": "offer",
          "type_hint": "offer"
        },
        {
          "value": 5.81,
          "context": "1 kg =",
          "type_hint": "unit"
        },
        {
          "value": 6.45,
          "context": "1 kg =",
          "type_hint": "unit"
        }
      ],
      "confidence": "high",
      "page": 56,
      "tile": null,
      "original_price": null
    },
    {
      "product_name": "McEnnedy Pretzel Bites",
      "brand": "McEnnedy",
      "variant": null,
      "offer_price": 1.19,
      "price_before": null,
      "uvp": null,
      "unit_price_value": 9.52,
      "unit_price_per": "kg",
      "discount_percent": null,
      "pack_size_text": "Je 125 g",
      "multi_buy_text": null,
      "lidl_plus": false,
      "lidl_plus_only": false,
      "other_badges": [],
      "category": null,
      "action_type": "regular",
      "price_candidates": [
        {
          "value": 1.19,
          "context": "offer",
          "type_hint": "offer"
        },
        {
          "value": 9.52,
          "context": "1 kg =",
          "type_hint": "unit"
        }
      ],
      "confidence": "high",
      "page": 56,
      "tile": null,
      "original_price": null
    },
    {
      "product_name": "McEnnedy Jelly Beans",
      "brand": "McEnnedy",
      "variant": null,
      "offer_price": 1.79,
      "price_before": null,
      "uvp": null,
      "unit_price_value": 7.16,
      "unit_price_per": "kg",
      "discount_percent": null,
      "pack_size_text": "Je 250 g",
      "multi_buy_text": null,
      "lidl_plus": false,
      "lidl_plus_only": false,
      "other_badges": [],
      "category": null,
      "action_type": "regular",
      "price_candidates": [
        {
          "value": 1.79,
          "context": "offer",
          "type_hint": "offer"
        },
        {
          "value": 7.16,
          "context": "1 kg =",
          "type_hint": "unit"
        }
      ],
      "confidence": "high",
      "page": 56,
      "tile": null,
      "original_price": null
    },
    {
      "product_name": "McEnnedy Popcorn süß XXL",
      "brand": "McEnnedy",
      "variant": null,
      "offer_price": 2.49,
      "price_before": null,
      "uvp": null,
      "unit_price_value": 4.98,
      "unit_price_per": "kg",
      "discount_percent": null,
      "pack_size_text": "Je 500 g",
      "multi_buy_text": null,
      "lidl_plus": false,
      "lidl_plus_only": false,
      "other_badges": [
        "VEGAN"
      ],
      "category": null,
      "action_type": "regular",
      "price_candidates": [
        {
          "value": 2.49,
          "context": "offer",
          "type_hint": "offer"
        },
        {
          "value": 4.98,
          "context": "1 kg =",
          "type_hint": "unit"
        }
      ],
      "confidence": "high",
      "page": 56,
      "tile": null,
      "original_price": null
    },
    {
      "product_name": "McEnnedy Streuselkuchen",
      "brand": "McEnnedy",
      "variant": null,
      "offer_price": 2.79,
      "price_before": null,
      "uvp": null,
      "unit_price_value": 6.2,
      "unit_price_per": "kg",
      "discount_percent": null,
      "pack_size_text": "Je 450 g",
      "multi_buy_text": null,
      "lidl_plus": false,
      "lidl_plus_only": false,
      "other_badges": [],
      "category": null,
      "action_type": "regular",
      "price_candidates": [
        {
          "value": 2.79,
          "context": "offer",
          "type_hint": "offer"
        },
        {
          "value": 6.2,
          "context": "1 kg =",
          "type_hint": "unit"
        }
      ],
      "confidence": "high",
      "page": 56,
      "tile": null,
      "original_price": null
    },
    {
      "product_name": "McEnnedy Milchshake",
      "brand": "McEnnedy",
      "variant": null,
      "offer_price": 0.65,
      "price_before": null,
      "uvp": null,
      "unit_price_value": 2.83,
      "unit_price_per": "l",
      "discount_percent": null,
      "pack_size_text": "Je 230 ml",
      "multi_buy_text": null,
      "lidl_plus": false,
      "lidl_plus_only": false,
      "other_badges": [],
      "category": null,
      "action_type": "regular",
      "price_candidates": [
        {
          "value": 0.65,
          "context": "offer",
          "type_hint": "offer"
        },
        {
          "value": 2.83,
          "context": "1 l =",
          "type_hint": "unit"
        }
      ],
      "confidence": "high",
      "page": 56,
      "tile": null,
      "original_price": null
    },
    {
      "product_name": "Porree",
      "brand": null,
      "variant": null,
      "offer_price": 0.49,
      "price_before": null,
      "uvp": null,
      "unit_price_value": null,
      "unit_price_per": null,
      "discount_percent": null,
      "pack_size_text": "1 Stück",
      "multi_buy_text": null,
      "lidl_plus": false,
      "lidl_plus_only": false,
      "other_badges": [
        "Deutschland's günstigster Preis"
      ],
      "category": null,
      "action_type": "regular",
      "price_candidates": [
        {
          "value": 0.49,
          "context": "AKTION",
          "type_hint": "offer"
        }
      ],
      "confidence": "high",
      "page": 32,
      "tile": null,
      "original_price": null
    },
    {
      "product_name": "Cherrystrauchtomaten",
      "brand": null,
      "variant": null,
      "offer_price": 2.99,
      "price_before": null,
      "uvp": null,
      "unit_price_value": 5.98,
      "unit_price_per": "kg",
      "discount_percent": null,
      "pack_size_text": "500 g",
      "multi_buy_text": null,
      "lidl_plus": false,
      "lidl_plus_only": false,
      "other_badges": [],
      "category": null,
      "action_type": "regular",
      "price_candidates": [
        {
          "value": 2.99,
          "context": "500 g",
          "type_hint": "offer"
        },
        {
          "value": 5.98,
          "context": "1 kg = 5.98",
          "type_hint": "unit"
        }
      ],
      "confidence": "high",
      "page": 32,
      "tile": null,
      "original_price": null
    },
    {
      "product_name": "Eisbergsalat",
      "brand": null,
      "variant": null,
      "offer_price": 0.95,
      "price_before": null,
      "uvp": null,
      "unit_price_value": null,
      "unit_price_per": null,
      "discount_percent": null,
      "pack_size_text": null,
      "multi_buy_text": null,
      "lidl_plus": false,
      "lidl_plus_only": false,
      "other_badges": [
        "Bio"
      ],
      "category": null,
      "action_type": "regular",
      "price_candidates": [
        {
          "value": 0.95,
          "context": "AKTION",
          "type_hint": "offer"
        }
      ],
      "confidence": "high",
      "page": 32,
      "tile": null,
      "original_price": null
    },
    {
      "product_name": "Bio Brokkoli",
      "brand": null,
      "variant": null,
      "offer_price": 1.49,
      "price_before": null,
      "uvp": null,
      "unit_price_value": 3.73,
      "unit_price_per": "kg",
      "discount_percent": null,
      "pack_size_text": "400 g",
      "multi_buy_text": null,
      "lidl_plus": false,
      "lidl_plus_only": false,
      "other_badges": [
        "Bio"
      ],
      "category": null,
      "action_type": "regular",
      "price_candidates": [
        {
          "value": 1.49,
          "context": "AKTION",
          "type_hint": "offer"
        },
        {
          "value": 3.73,
          "context": "1 kg = 3.73",
          "type_hint": "unit"
        }
      ],
      "confidence": "high",
      "page": 32,
      "tile": null,
      "original_price": null
    },
    {
      "product_name": "Metzgerfrisch Chicken Wings Flüssig gewürzt, gegart",
      "brand": "XXL",
      "variant": null,
      "offer_price": 6.99,
      "price_before": null,
      "uvp": null,
      "unit_price_value": 8.74,
      "unit_price_per": "kg",
      "discount_percent": null,
      "pack_size_text": "800 g",
      "multi_buy_text": null,
      "lidl_plus": false,
      "lidl_plus_only": false,
      "other_badges": [],
      "category": null,
      "action_type": "regular",
      "price_candidates": [
        {
          "value": 800.0,
          "context": "3x 800 g",
          "type_hint": "unknown"
        },
        {
          "value": 6.99,
          "context": "offer",
          "type_hint": "offer"
        },
        {
          "value": 8.74,
          "context": "1 kg =",
          "type_hint": "unit"
        }
      ],
      "confidence": "high",
      "page": 33,
      "tile": null,
      "original_price": null
    },
    {
      "product_name": "Metzgerfrisch Hähnchen Kebab",
      "brand": "XXL",
      "variant": null,
      "offer_price": 5.99,
      "price_before": null,
      "uvp": null,
      "unit_price_value": 7.49,
      "unit_price_per": "kg",
      "discount_percent": null,
      "pack_size_text": "800 g",
      "multi_buy_text": null,
      "lidl_plus": false,
      "lidl_plus_only": false,
      "other_badges": [],
      "category": null,
      "action_type": "regular",
      "price_candidates": [
        {
          "value": 800.0,
          "context": "3x 800 g",
          "type_hint": "unknown"
        },
        {
          "value": 5.99,
          "context": "offer",
          "type_hint": "offer"
        },
        {
          "value": 7.49,
          "context": "1 kg =",
          "type_hint": "unit"
        }
      ],
      "confidence": "high",
      "page": 33,
      "tile": null,
      "original_price": null
    },
    {
      "product_name": "Metzgerfrisch Schweine-Bällchen Versch. Sorten",
      "brand": null,
      "variant": null,
      "offer_price": 5.99,
      "price_before": null,
      "uvp": null,
      "unit_price_value": null,
      "unit_price_per": null,
      "discount_percent": null,
      "pack_size_text": "1 kg",
      "multi_buy_text": null,
      "lidl_plus": false,
      "lidl_plus_only": false,
      "other_badges": [],
      "category": null,
      "action_type": "regular",
      "price_candidates": [
        {
          "value": 1.0,
          "context": "1 kg",
          "type_hint": "unknown"
        },
        {
          "value": 5.99,
          "context": "offer",
          "type_hint": "offer"
        }
      ],
      "confidence": "high",
      "page": 33,
      "tile": null,
      "original_price": null
    },
    {
      "product_name": "Metzgerfrisch Frische Schweine-Schälrippchen",
      "brand": "XXL",
      "variant": null,
      "offer_price": 4.79,
      "price_before": null,
      "uvp": null,
      "unit_price_value": null,
      "unit_price_per": null,
      "discount_percent": null,
      "pack_size_text": "Ca. 1,1 kg",
      "multi_buy_text": null,
      "lidl_plus": false,
      "lidl_plus_only": false,
      "other_badges": [],
      "category": null,
      "action_type": "regular",
      "price_candidates": [
        {
          "value": 1.1,
          "context": "Ca. 1,1 kg",
          "type_hint": "unknown"
        },
        {
          "value": 4.79,
          "context": "offer",
          "type_hint": "offer"
        }
      ],
      "confidence": "high",
      "page": 33,
      "tile": null,
      "original_price": null
    },
    {
      "product_name": "Metzgerfrisch Frische Kalbs-Leber",
      "brand": null,
      "variant": null,
      "offer_price": 6.99,
      "price_before": null,
      "uvp": null,
      "unit_price_value": 17.48,
      "unit_price_per": "kg",
      "discount_percent": null,
      "pack_size_text": "400 g",
      "multi_buy_text": null,
      "lidl_plus": false,
      "lidl_plus_only": false,
      "other_badges": [
        "AKTION"
      ],
      "category": null,
      "action_type": "regular",
      "price_candidates": [
        {
          "value": 400.0,
          "context": "Je 400 g",
          "type_hint": "unknown"
        },
        {
          "value": 6.99,
          "context": "offer",
          "type_hint": "offer"
        },
        {
          "value": 17.48,
          "context": "1 kg =",
          "type_hint": "unit"
        }
      ],
      "confidence": "high",
      "page": 33,
      "tile": null,
      "original_price": null
    },
    {
      "product_name": "Metzgerfrisch Frischer Rinder-Braten",
      "brand": null,
      "variant": null,
      "offer_price": 14.99,
      "price_before": null,
      "uvp": null,
      "unit_price_value": null,
      "unit_price_per": null,
      "discount_percent": null,
      "pack_size_text": "Ca. 1-1,5 kg",
      "multi_buy_text": null,
      "lidl_plus": false,
      "lidl_plus_only": false,
      "other_badges": [],
      "category": null,
      "action_type": "regular",
      "price_candidates": [
        {
          "value": 1.5,
          "context": "Ca. 1-1,5 kg",
          "type_hint": "unknown"
        },
        {
          "value": 14.99,
          "context": "offer",
          "type_hint": "offer"
        }
      ],
      "confidence": "high",
      "page": 33,
      "tile": null,
      "original_price": null
    },
    {
      "product_name": "Fischerstolz Ofen- und Grill-Lachs Versch. Sorten",
      "brand": "XXL",
      "variant": null,
      "offer_price": 6.79,
      "price_before": null,
      "uvp": null,
      "unit_price_value": 18.11,
      "unit_price_per": "kg",
      "discount_percent": null,
      "pack_size_text": "3x 125 g",
      "multi_buy_text": null,
      "lidl_plus": false,
      "lidl_plus_only": false,
      "other_badges": [],
      "category": null,
      "action_type": "regular",
      "price_candidates": [
        {
          "value": 125.0,
          "context": "3x 125 g",
          "type_hint": "unknown"
        },
        {
          "value": 6.79,
          "context": "offer",
          "type_hint": "offer"
        },
        {
          "value": 18.11,
          "context": "1 kg =",
          "type_hint": "unit"
        }
      ],
      "confidence": "high",
      "page": 33,
      "tile": null,
      "original_price": null
    },
    {
      "product_name": "Metzgerfrisch Frisches Rinder-Suppenfleischpaket",
      "brand": null,
      "variant": null,
      "offer_price": 9.6,
      "price_before": null,
      "uvp": null,
      "unit_price_value": 11.99,
      "unit_price_per": "kg",
      "discount_percent": null,
      "pack_size_text": "Ca. 800 g",
      "multi_buy_text": null,
      "lidl_plus": false,
      "lidl_plus_only": false,
      "other_badges": [
        "AKTION"
      ],
      "category": null,
      "action_type": "regular",
      "price_candidates": [
        {
          "value": 800.0,
          "context": "Ca. 800 g",
          "type_hint": "unknown"
        },
        {
          "value": 9.6,
          "context": "offer",
          "type_hint": "offer"
        },
        {
          "value": 11.99,
          "context": "kg-Preis",
          "type_hint": "unit"
        }
      ],
      "confidence": "high",
      "page": 33,
      "tile": null,
      "original_price": null
    },
    {
      "product_name": "Dr. Oetker Vitalis Müsli",
      "brand": "Dr. Oetker",
      "variant": "Versch. Sorten",
      "offer_price": 1.99,
      "price_before": null,
      "uvp": 3.99,
      "unit_price_value": 2.65,
      "unit_price_per": "kg",
      "discount_percent": 50.0,
      "pack_size_text": "750/563 g",
      "multi_buy_text": null,
      "lidl_plus": false,
      "lidl_plus_only": false,
      "other_badges": [
        "Tiefpreis Garantie"
      ],
      "category": null,
      "action_type": "regular",
      "price_candidates": [
        {
          "value": 1.99,
          "context": "offer",
          "type_hint": "offer"
        },
        {
          "value": 3.99,
          "context": "uvp",
          "type_hint": "uvp"
        },
        {
          "value": 2.65,
          "context": "unit",
          "type_hint": "unit"
        }
      ],
      "confidence": "high",
      "page": 59,
      "tile": null,
      "original_price": null
    },
    {
      "product_name": "Meggle Feine Butter/Streichzart",
      "brand": "Meggle",
      "variant": "Versch. Sorten",
      "offer_price": 1.69,
      "price_before": 2.99,
      "uvp": null,
      "unit_price_value": 6.76,
      "unit_price_per": "kg",
      "discount_percent": 43.0,
      "pack_size_text": "250 g",
      "multi_buy_text": null,
      "lidl_plus": false,
      "lidl_plus_only": false,
      "other_badges": [],
      "category": null,
      "action_type": "regular",
      "price_candidates": [
        {
          "value": 1.69,
          "context": "offer",
          "type_hint": "offer"
        },
        {
          "value": 2.99,
          "context": "before",
          "type_hint": "before"
        },
        {
          "value": 6.76,
          "context": "unit",
          "type_hint": "unit"
        }
      ],
      "confidence": "high",
      "page": 59,
      "tile": null,
      "original_price": null
    },
    {
      "product_name": "Ehrmann High Protein Creatine Pudding",
      "brand": "Ehrmann",
      "variant": "Versch. Sorten",
      "offer_price": 1.39,
      "price_before": 1.99,
      "uvp": null,
      "unit_price_value": 6.04,
      "unit_price_per": "kg",
      "discount_percent": 30.0,
      "pack_size_text": "230 g",
      "multi_buy_text": null,
      "lidl_plus": false,
      "lidl_plus_only": false,
      "other_badges": [],
      "category": null,
      "action_type": "regular",
      "price_candidates": [
        {
          "value": 1.39,
          "context": "offer",
          "type_hint": "offer"
        },
        {
          "value": 1.99,
          "context": "before",
          "type_hint": "before"
        },
        {
          "value": 6.04,
          "context": "unit",
          "type_hint": "unit"
        }
      ],
      "confidence": "high",
      "page": 59,
      "tile": null,
      "original_price": null
    },
    {
      "product_name": "Celebrations",
      "brand": null,
      "variant": "Standardpackung",
      "offer_price": 3.99,
      "price_before": null,
      "uvp": null,
      "unit_price_value": 14.83,
      "unit_price_per": "kg",
      "discount_percent": 38.0,
      "pack_size_text": "269 g",
      "multi_buy_text": null,
      "lidl_plus": false,
      "lidl_plus_only": false,
      "other_badges": [],
      "category": null,
      "action_type": "regular",
      "price_candidates": [
        {
          "value": 3.99,
          "context": "offer",
          "type_hint": "offer"
        },
        {
          "value": 14.83,
          "context": "unit",
          "type_hint": "unit"
        }
      ],
      "confidence": "high",
      "page": 59,
      "tile": null,
      "original_price": null
    },
    {
      "product_name": "Danone Fruchtzwerge",
      "brand": "Danone",
      "variant": "Versch. Sorten, Je 6x 50g",
      "offer_price": 1.49,
      "price_before": null,
      "uvp": 2.39,
      "unit_price_value": 4.97,
      "unit_price_per": "kg",
      "discount_percent": 37.0,
      "pack_size_text": "6x 50g",
      "multi_buy_text": null,
      "lidl_plus": false,
      "lidl_plus_only": false,
      "other_badges": [],
      "category": null,
      "action_type": "regular",
      "price_candidates": [
        {
          "value": 1.49,
          "context": "offer",
          "type_hint": "offer"
        },
        {
          "value": 2.39,
          "context": "UVP",
          "type_hint": "uvp"
        },
        {
          "value": 4.97,
          "context": "1 kg =",
          "type_hint": "unit"
        }
      ],
      "confidence": "high",
      "page": 60,
      "tile": null,
      "original_price": null
    },
    {
      "product_name": "Arizona Tea XXL",
      "brand": "Arizona",
      "variant": "Versch. Sorten, Je 1,75l",
      "offer_price": 1.39,
      "price_before": null,
      "uvp": null,
      "unit_price_value": 0.79,
      "unit_price_per": "l",
      "discount_percent": null,
      "pack_size_text": "1,75l",
      "multi_buy_text": null,
      "lidl_plus": false,
      "lidl_plus_only": false,
      "other_badges": [],
      "category": null,
      "action_type": "regular",
      "price_candidates": [
        {
          "value": 1.39,
          "context": "offer",
          "type_hint": "offer"
        },
        {
          "value": 0.79,
          "context": "1 l =",
          "type_hint": "unit"
        }
      ],
      "confidence": "high",
      "page": 60,
      "tile": null,
      "original_price": null
    },
    {
      "product_name": "Lavazza Caffe Ganze Bohnen",
      "brand": "Lavazza",
      "variant": "Cremoso, 1kg",
      "offer_price": 14.99,
      "price_before": 20.99,
      "uvp": null,
      "unit_price_value": null,
      "unit_price_per": null,
      "discount_percent": 26.0,
      "pack_size_text": "1kg",
      "multi_buy_text": null,
      "lidl_plus": true,
      "lidl_plus_only": false,
      "other_badges": [],
      "category": null,
      "action_type": "lidl_plus",
      "price_candidates": [
        {
          "value": 14.99,
          "context": "offer",
          "type_hint": "offer"
        },
        {
          "value": 20.99,
          "context": "statt",
          "type_hint": "before"
        }
      ],
      "confidence": "high",
      "page": 60,
      "tile": null,
      "original_price": null
    },
    {
      "product_name": "Dallmayr Prodomo",
      "brand": "Dallmayr",
      "variant": "Versch. Sorten, Je 500g",
      "offer_price": 7.99,
      "price_before": 10.49,
      "uvp": null,
      "unit_price_value": 15.98,
      "unit_price_per": "kg",
      "discount_percent": 23.0,
      "pack_size_text": "500g",
      "multi_buy_text": null,
      "lidl_plus": true,
      "lidl_plus_only": false,
      "other_badges": [],
      "category": null,
      "action_type": "lidl_plus",
      "price_candidates": [
        {
          "value": 7.99,
          "context": "offer",
          "type_hint": "offer"
        },
        {
          "value": 10.49,
          "context": "Normalpreis",
          "type_hint": "before"
        },
        {
          "value": 15.98,
          "context": "1 kg =",
          "type_hint": "unit"
        }
      ],
      "confidence": "high",
      "page": 60,
      "tile": null,
      "original_price": null
    },
    {
      "product_name": "Granini Die Limo",
      "brand": "Granini",
      "variant": "Versch. Sorten, Je 1l",
      "offer_price": 1.29,
      "price_before": 1.79,
      "uvp": null,
      "unit_price_value": null,
      "unit_price_per": null,
      "discount_percent": 27.0,
      "pack_size_text": "1l",
      "multi_buy_text": null,
      "lidl_plus": false,
      "lidl_plus_only": false,
      "other_badges": [
        "Im Aufsteller"
      ],
      "category": null,
      "action_type": "regular",
      "price_candidates": [
        {
          "value": 1.29,
          "context": "offer",
          "type_hint": "offer"
        },
        {
          "value": 1.79,
          "context": "UVP",
          "type_hint": "uvp"
        }
      ],
      "confidence": "high",
      "page": 60,
      "tile": null,
      "original_price": null
    },
    {
      "product_name": "Freixenet Carta Sekt",
      "brand": "Freixenet",
      "variant": "Versch. Sorten, Je 0,75l",
      "offer_price": 3.99,
      "price_before": 6.99,
      "uvp": null,
      "unit_price_value": 5.32,
      "unit_price_per": "l",
      "discount_percent": 42.0,
      "pack_size_text": "0,75l",
      "multi_buy_text": null,
      "lidl_plus": false,
      "lidl_plus_only": false,
      "other_badges": [
        "Im Aufsteller"
      ],
      "category": "alcohol",
      "action_type": "restricted",
      "price_candidates": [
        {
          "value": 3.99,
          "context": "offer",
          "type_hint": "offer"
        },
        {
          "value": 6.99,
          "context": "UVP",
          "type_hint": "uvp"
        },
        {
          "value": 5.32,
          "context": "1 l =",
          "type_hint": "unit"
        }
      ],
      "confidence": "high",
      "page": 60,
      "tile": null,
      "original_price": null
    },
    {
      "product_name": "L'Oréal Men Expert Duschgel",
      "brand": "L'Oréal",
      "variant": "XXXL, Versch. Sorten, Je 1l",
      "offer_price": 5.99,
      "price_before": 6.99,
      "uvp": null,
      "unit_price_value": null,
      "unit_price_per": null,
      "discount_percent": null,
      "pack_size_text": "1l",
      "multi_buy_text": null,
      "lidl_plus": false,
      "lidl_plus_only": false,
      "other_badges": [],
      "category": null,
      "action_type": "regular",
      "price_candidates": [
        {
          "value": 5.99,
          "context": "offer",
          "type_hint": "offer"
        },
        {
          "value": 6.99,
          "context": "UVP",
          "type_hint": "uvp"
        }
      ],
      "confidence": "high",
      "page": 60,
      "tile": null,
      "original_price": null
    },
    {
      "product_name": "Febreze Car Lufterfrischer/Duftstecker",
      "brand": "Febreze",
      "variant": "Versch. Sorten, Je 40/70ml",
      "offer_price": 5.99,
      "price_before": 7.49,
      "uvp": null,
      "unit_price_value": 149.75,
      "unit_price_per": "l",
      "discount_percent": 20.0,
      "pack_size_text": "40/70ml",
      "multi_buy_text": null,
      "lidl_plus": false,
      "lidl_plus_only": false,
      "other_badges": [
        "Im Aufsteller"
      ],
      "category": null,
      "action_type": "regular",
      "price_candidates": [
        {
          "value": 5.99,
          "context": "offer",
          "type_hint": "offer"
        },
        {
          "value": 7.49,
          "context": "UVP",
          "type_hint": "uvp"
        },
        {
          "value": 149.75,
          "context": "1 l =",
          "type_hint": "unit"
        }
      ],
      "confidence": "high",
      "page": 60,
      "tile": null,
      "original_price": null
    },
    {
      "product_name": "Kuschelweich Weichspüler",
      "brand": "Kuschelweich",
      "variant": "Versch. Sorten, Je 1l",
      "offer_price": 2.65,
      "price_before": 3.89,
      "uvp": null,
      "unit_price_value": 1.33,
      "unit_price_per": "l",
      "discount_percent": 31.0,
      "pack_size_text": "1l",
      "multi_buy_text": null,
      "lidl_plus": false,
      "lidl_plus_only": false,
      "other_badges": [],
      "category": null,
      "action_type": "regular",
      "price_candidates": [
        {
          "value": 2.65,
          "context": "offer",
          "type_hint": "offer"
        },
        {
          "value": 3.89,
          "context": "UVP",
          "type_hint": "uvp"
        },
        {
          "value": 1.33,
          "context": "1 l =",
          "type_hint": "unit"
        }
      ],
      "confidence": "high",
      "page": 60,
      "tile": null,
      "original_price": null
    },
    {
      "product_name": "Ariel Waschmittel",
      "brand": "Ariel",
      "variant": "Pulver, Pods oder Gel, Je 36/30/40 WL",
      "offer_price": 8.99,
      "price_before": 11.99,
      "uvp": null,
      "unit_price_value": null,
      "unit_price_per": null,
      "discount_percent": 25.0,
      "pack_size_text": "36/30/40 WL",
      "multi_buy_text": null,
      "lidl_plus": false,
      "lidl_plus_only": false,
      "other_badges": [],
      "category": null,
      "action_type": "regular",
      "price_candidates": [
        {
          "value": 8.99,
          "context": "offer",
          "type_hint": "offer"
        },
        {
          "value": 11.99,
          "context": "UVP",
          "type_hint": "uvp"
        }
      ],
      "confidence": "high",
      "page": 60,
      "tile": null,
      "original_price": null
    },
    {
      "product_name": "Rougette Ofenkäse",
      "brand": "Rougette",
      "variant": "Versch. Sorten, Je 320g",
      "offer_price": 3.99,
      "price_before": 5.99,
      "uvp": null,
      "unit_price_value": 12.47,
      "unit_price_per": "kg",
      "discount_percent": 33.0,
      "pack_size_text": "320g",
      "multi_buy_text": null,
      "lidl_plus": true,
      "lidl_plus_only": false,
      "other_badges": [],
      "category": null,
      "action_type": "lidl_plus",
      "price_candidates": [
        {
          "value": 3.99,
          "context": "offer",
          "type_hint": "offer"
        },
        {
          "value": 5.99,
          "context": "Normalpreis",
          "type_hint": "before"
        },
        {
          "value": 12.47,
          "context": "1 kg =",
          "type_hint": "unit"
        }
      ],
      "confidence": "high",
      "page": 60,
      "tile": null,
      "original_price": null
    },
    {
      "product_name": "Bergader Käse Miniflä",
      "brand": "Bergader",
      "variant": "Versch. Sorten, Je 150g",
      "offer_price": 1.59,
      "price_before": 1.99,
      "uvp": null,
      "unit_price_value": 10.6,
      "unit_price_per": "kg",
      "discount_percent": 20.0,
      "pack_size_text": "150g",
      "multi_buy_text": null,
      "lidl_plus": true,
      "lidl_plus_only": false,
      "other_badges": [],
      "category": null,
      "action_type": "lidl_plus",
      "price_candidates": [
        {
          "value": 1.59,
          "context": "offer",
          "type_hint": "offer"
        },
        {
          "value": 1.99,
          "context": "Normalpreis",
          "type_hint": "before"
        },
        {
          "value": 10.6,
          "context": "1 kg =",
          "type_hint": "unit"
        }
      ],
      "confidence": "high",
      "page": 60,
      "tile": null,
      "original_price": null
    },
    {
      "product_name": "Bellarom Kaffeekapseln",
      "brand": "Bellarom",
      "variant": null,
      "offer_price": null,
      "price_before": null,
      "uvp": null,
      "unit_price_value": null,
      "unit_price_per": null,
      "discount_percent": 15.0,
      "pack_size_text": null,
      "multi_buy_text": null,
      "lidl_plus": true,
      "lidl_plus_only": false,
      "other_badges": [],
      "category": null,
      "action_type": "lidl_plus",
      "price_candidates": [
        {
          "value": 15.0,
          "context": "-15% auf alle Bellarom-Kaffeekapseln mit Lidl Plus",
          "type_hint": "unknown"
        }
      ],
      "confidence": "medium",
      "page": 61,
      "tile": null,
      "original_price": null
    },
    {
      "product_name": "Frischer Schweine-Nackenbraten",
      "brand": null,
      "variant": null,
      "offer_price": null,
      "price_before": null,
      "uvp": null,
      "unit_price_value": 5.39,
      "unit_price_per": "kg",
      "discount_percent": null,
      "pack_size_text": "Ca. 2.5 kg",
      "multi_buy_text": null,
      "lidl_plus": false,
      "lidl_plus_only": false,
      "other_badges": [],
      "category": null,
      "action_type": "regular",
      "price_candidates": [
        {
          "value": 5.39,
          "context": "kg-Preis",
          "type_hint": "offer"
        }
      ],
      "confidence": "high",
      "page": 61,
      "tile": null,
      "original_price": null
    },
    {
      "product_name": "Brunch Brotaufstrich",
      "brand": "Brunch",
      "variant": null,
      "offer_price": 0.99,
      "price_before": 1.89,
      "uvp": null,
      "unit_price_value": 5.35,
      "unit_price_per": "kg",
      "discount_percent": 47.0,
      "pack_size_text": "Je 185 g",
      "multi_buy_text": null,
      "lidl_plus": false,
      "lidl_plus_only": false,
      "other_badges": [],
      "category": null,
      "action_type": "regular",
      "price_candidates": [
        {
          "value": 0.99,
          "context": "Angebotspreis",
          "type_hint": "offer"
        },
        {
          "value": 1.89,
          "context": "statt",
          "type_hint": "before"
        },
        {
          "value": 5.35,
          "context": "1 kg =",
          "type_hint": "unit"
        }
      ],
      "confidence": "high",
      "page": 61,
      "tile": null,
      "original_price": null
    },
    {
      "product_name": "Iglo Fertiggericht",
      "brand": "Iglo",
      "variant": null,
      "offer_price": 2.49,
      "price_before": 3.59,
      "uvp": null,
      "unit_price_value": 6.2,
      "unit_price_per": "kg",
      "discount_percent": 37.0,
      "pack_size_text": "450 g",
      "multi_buy_text": null,
      "lidl_plus": true,
      "lidl_plus_only": false,
      "other_badges": [],
      "category": null,
      "action_type": "lidl_plus",
      "price_candidates": [
        {
          "value": 2.79,
          "context": "UVP",
          "type_hint": "uvp"
        },
        {
          "value": 2.49,
          "context": "Mit Lidl Plus",
          "type_hint": "offer"
        },
        {
          "value": 6.2,
          "context": "1 kg =",
          "type_hint": "unit"
        }
      ],
      "confidence": "high",
      "page": 61,
      "tile": null,
      "original_price": null
    },
    {
      "product_name": "Meßmer Tee",
      "brand": "Meßmer",
      "variant": null,
      "offer_price": 1.49,
      "price_before": 2.69,
      "uvp": null,
      "unit_price_value": 37.25,
      "unit_price_per": "kg",
      "discount_percent": 44.0,
      "pack_size_text": "Je 40/36 g",
      "multi_buy_text": null,
      "lidl_plus": false,
      "lidl_plus_only": false,
      "other_badges": [],
      "category": null,
      "action_type": "regular",
      "price_candidates": [
        {
          "value": 1.49,
          "context": "Angebotspreis",
          "type_hint": "offer"
        },
        {
          "value": 2.69,
          "context": "UVP",
          "type_hint": "before"
        },
        {
          "value": 37.25,
          "context": "1 kg =",
          "type_hint": "unit"
        }
      ],
      "confidence": "high",
      "page": 61,
      "tile": null,
      "original_price": null
    },
    {
      "product_name": "Vita D'or Reines Sonnenblumenöl",
      "brand": "Vita D'or",
      "variant": null,
      "offer_price": 1.49,
      "price_before": 1.69,
      "uvp": null,
      "unit_price_value": null,
      "unit_price_per": null,
      "discount_percent": 11.0,
      "pack_size_text": "1 l",
      "multi_buy_text": null,
      "lidl_plus": true,
      "lidl_plus_only": false,
      "other_badges": [],
      "category": null,
      "action_type": "lidl_plus",
      "price_candidates": [
        {
          "value": 1.49,
          "context": "Mit Lidl Plus",
          "type_hint": "offer"
        },
        {
          "value": 1.69,
          "context": "Normalpreis",
          "type_hint": "before"
        }
      ],
      "confidence": "high",
      "page": 61,
      "tile": null,
      "original_price": null
    },
    {
      "product_name": "Genius Nicer Dicer Smart",
      "brand": "Genius",
      "variant": null,
      "offer_price": 29.99,
      "price_before": 89.95,
      "uvp": null,
      "unit_price_value": null,
      "unit_price_per": null,
      "discount_percent": 66.0,
      "pack_size_text": "16-teilig",
      "multi_buy_text": null,
      "lidl_plus": false,
      "lidl_plus_only": false,
      "other_badges": [],
      "category": null,
      "action_type": "regular",
      "price_candidates": [
        {
          "value": 29.99,
          "context": "Angebotspreis",
          "type_hint": "offer"
        },
        {
          "value": 89.95,
          "context": "UVP",
          "type_hint": "before"
        }
      ],
      "confidence": "high",
      "page": 61,
      "tile": null,
      "original_price": null
    },
    {
      "product_name": "Vale Tablet",
      "brand": "Vale",
      "variant": null,
      "offer_price": 89.99,
      "price_before": 149.0,
      "uvp": null,
      "unit_price_value": null,
      "unit_price_per": null,
      "discount_percent": 39.0,
      "pack_size_text": null,
      "multi_buy_text": null,
      "lidl_plus": false,
      "lidl_plus_only": false,
      "other_badges": [],
      "category": null,
      "action_type": "regular",
      "price_candidates": [
        {
          "value": 89.99,
          "context": "Angebotspreis",
          "type_hint": "offer"
        },
        {
          "value": 149.0,
          "context": "UVP",
          "type_hint": "before"
        }
      ],
      "confidence": "high",
      "page": 61,
      "tile": null,
      "original_price": null
    },
    {
      "product_name": "1 Jahr gratis einkaufen",
      "brand": null,
      "variant": null,
      "offer_price": null,
      "price_before": null,
      "uvp": null,
      "unit_price_value": null,
      "unit_price_per": null,
      "discount_percent": null,
      "pack_size_text": null,
      "multi_buy_text": null,
      "lidl_plus": false,
      "lidl_plus_only": false,
      "other_badges": [],
      "category": null,
      "action_type": "regular",
      "price_candidates": [
        {
          "value": 6600.0,
          "context": "im Wert von 6.600€",
          "type_hint": "unknown"
        }
      ],
      "confidence": "medium",
      "page": 62,
      "tile": null,
      "original_price": null
    },
    {
      "product_name": "3x Jahreseinkauf",
      "brand": null,
      "variant": null,
      "offer_price": null,
      "price_before": null,
      "uvp": null,
      "unit_price_value": null,
      "unit_price_per": null,
      "discount_percent": null,
      "pack_size_text": null,
      "multi_buy_text": null,
      "lidl_plus": false,
      "lidl_plus_only": false,
      "other_badges": [],
      "category": null,
      "action_type": "regular",
      "price_candidates": [
        {
          "value": 6600.0,
          "context": "jeweils 6.600€",
          "type_hint": "unknown"
        }
      ],
      "confidence": "medium",
      "page": 62,
      "tile": null,
      "original_price": null
    },
    {
      "product_name": "Bayer. Wald Runding\nEigenanreise, 3 Nächte, Familienhotel Runding ***, All Inclusive",
      "brand": null,
      "variant": null,
      "offer_price": 99.0,
      "price_before": null,
      "uvp": 149.0,
      "unit_price_value": null,
      "unit_price_per": null,
      "discount_percent": 50.0,
      "pack_size_text": "3 Nächte p.P. ab",
      "multi_buy_text": null,
      "lidl_plus": false,
      "lidl_plus_only": false,
      "other_badges": [],
      "category": null,
      "action_type": "regular",
      "price_candidates": [
        {
          "value": 99.0,
          "context": "3 Nächte p.P. ab",
          "type_hint": "offer"
        },
        {
          "value": 149.0,
          "context": "statt",
          "type_hint": "uvp"
        },
        {
          "value": 50.0,
          "context": "-50 €",
          "type_hint": "unknown"
        }
      ],
      "confidence": "high",
      "page": 63,
      "tile": null,
      "original_price": null
    },
    {
      "product_name": "Bayern München\nEigenanreise, 3 Nächte, DJH München City, inkl. Vollpension Plus",
      "brand": null,
      "variant": null,
      "offer_price": 349.0,
      "price_before": null,
      "uvp": 389.0,
      "unit_price_value": null,
      "unit_price_per": null,
      "discount_percent": 40.0,
      "pack_size_text": "3 Nächte p.P. ab",
      "multi_buy_text": null,
      "lidl_plus": false,
      "lidl_plus_only": false,
      "other_badges": [],
      "category": null,
      "action_type": "regular",
      "price_candidates": [
        {
          "value": 349.0,
          "context": "3 Nächte p.P. ab",
          "type_hint": "offer"
        },
        {
          "value": 389.0,
          "context": "statt",
          "type_hint": "uvp"
        },
        {
          "value": 40.0,
          "context": "-40 €",
          "type_hint": "unknown"
        }
      ],
      "confidence": "high",
      "page": 63,
      "tile": null,
      "original_price": null
    },
    {
      "product_name": "Center Parcs\nDer perfekte Urlaub mit Familie & Freunden bei Center Parcs lohnt sich.",
      "brand": "Center Parcs",
      "variant": null,
      "offer_price": 189.0,
      "price_before": null,
      "uvp": null,
      "unit_price_value": null,
      "unit_price_per": null,
      "discount_percent": 35.0,
      "pack_size_text": "3 Nächte pro Ferienhaus ab",
      "multi_buy_text": null,
      "lidl_plus": false,
      "lidl_plus_only": false,
      "other_badges": [],
      "category": null,
      "action_type": "regular",
      "price_candidates": [
        {
          "value": 189.0,
          "context": "3 Nächte pro Ferienhaus ab",
          "type_hint": "offer"
        },
        {
          "value": 35.0,
          "context": "Bis zu 35% sparen!",
          "type_hint": "unknown"
        }
      ],
      "confidence": "high",
      "page": 63,
      "tile": null,
      "original_price": null
    },
    {
      "product_name": "Italien Gardasee\nEigenanreise, 7 Nächte, Residence Green Park, inkl. Halbpension",
      "brand": null,
      "variant": null,
      "offer_price": 449.0,
      "price_before": 569.0,
      "uvp": null,
      "unit_price_value": null,
      "unit_price_per": null,
      "discount_percent": 120.0,
      "pack_size_text": null,
      "multi_buy_text": null,
      "lidl_plus": false,
      "lidl_plus_only": false,
      "other_badges": [],
      "category": null,
      "action_type": "regular",
      "price_candidates": [
        {
          "value": 449.0,
          "context": "7 Nächte p. P. ab",
          "type_hint": "offer"
        },
        {
          "value": 569.0,
          "context": "statt",
          "type_hint": "before"
        },
        {
          "value": 120.0,
          "context": "Rabatt",
          "type_hint": "unknown"
        }
      ],
      "confidence": "high",
      "page": 64,
      "tile": null,
      "original_price": null
    },
    {
      "product_name": "Ägypten Nilkreuzfahrt & Baden\n15-tägige Reise inkl. Flug, 5-Sterne-Nilschiff, inkl. VP & 5-Sterne-Hotel, AI",
      "brand": null,
      "variant": null,
      "offer_price": 799.0,
      "price_before": 1099.0,
      "uvp": null,
      "unit_price_value": null,
      "unit_price_per": null,
      "discount_percent": 300.0,
      "pack_size_text": null,
      "multi_buy_text": null,
      "lidl_plus": false,
      "lidl_plus_only": false,
      "other_badges": [],
      "category": null,
      "action_type": "regular",
      "price_candidates": [
        {
          "value": 799.0,
          "context": "15 Tage p. P. ab",
          "type_hint": "offer"
        },
        {
          "value": 1099.0,
          "context": "statt",
          "type_hint": "before"
        },
        {
          "value": 300.0,
          "context": "Rabatt",
          "type_hint": "unknown"
        }
      ],
      "confidence": "high",
      "page": 64,
      "tile": null,
      "original_price": null
    },
    {
      "product_name": "Türkei & Griechenland Inselhüpfen\n13-tägige Reise inkl. Flug, 4- & 5-Sterne Hotels, Verpflegung lt. Programm",
      "brand": null,
      "variant": null,
      "offer_price": 899.0,
      "price_before": 1149.0,
      "uvp": null,
      "unit_price_value": null,
      "unit_price_per": null,
      "discount_percent": 250.0,
      "pack_size_text": null,
      "multi_buy_text": null,
      "lidl_plus": false,
      "lidl_plus_only": false,
      "other_badges": [],
      "category": null,
      "action_type": "regular",
      "price_candidates": [
        {
          "value": 899.0,
          "context": "13 Tage p. P. ab",
          "type_hint": "offer"
        },
        {
          "value": 1149.0,
          "context": "statt",
          "type_hint": "before"
        },
        {
          "value": 250.0,
          "context": "Rabatt",
          "type_hint": "unknown"
        }
      ],
      "confidence": "high",
      "page": 64,
      "tile": null,
      "original_price": null
    },
    {
      "product_name": "Disney Adventure World\n2 ÜN im B&B Marne la Vallee Noisy (o.ä.), inkl. Frühstück & 2 Tage Eintritt für Disneyland® Park & Walt Disney Studios® Park",
      "brand": null,
      "variant": null,
      "offer_price": 199.0,
      "price_before": null,
      "uvp": null,
      "unit_price_value": null,
      "unit_price_per": null,
      "discount_percent": null,
      "pack_size_text": null,
      "multi_buy_text": null,
      "lidl_plus": false,
      "lidl_plus_only": false,
      "other_badges": [],
      "category": null,
      "action_type": "regular",
      "price_candidates": [
        {
          "value": 199.0,
          "context": "2 Nächte p. P. ab",
          "type_hint": "offer"
        }
      ],
      "confidence": "high",
      "page": 64,
      "tile": null,
      "original_price": null
    },
    {
      "product_name": "Zitruspflanzen am Stamm",
      "brand": null,
      "variant": null,
      "offer_price": 24.99,
      "price_before": null,
      "uvp": null,
      "unit_price_value": null,
      "unit_price_per": null,
      "discount_percent": null,
      "pack_size_text": "Je Topf",
      "multi_buy_text": null,
      "lidl_plus": false,
      "lidl_plus_only": false,
      "other_badges": [],
      "category": null,
      "action_type": "regular",
      "price_candidates": [
        {
          "value": 24.99,
          "context": "Je Topf",
          "type_hint": "offer"
        }
      ],
      "confidence": "high",
      "page": 65,
      "tile": null,
      "original_price": null
    },
    {
      "product_name": "Große Grünpflanze",
      "brand": null,
      "variant": null,
      "offer_price": 14.99,
      "price_before": null,
      "uvp": null,
      "unit_price_value": null,
      "unit_price_per": null,
      "discount_percent": null,
      "pack_size_text": "Je Topf",
      "multi_buy_text": null,
      "lidl_plus": false,
      "lidl_plus_only": false,
      "other_badges": [],
      "category": null,
      "action_type": "regular",
      "price_candidates": [
        {
          "value": 14.99,
          "context": "Je Topf",
          "type_hint": "offer"
        }
      ],
      "confidence": "high",
      "page": 65,
      "tile": null,
      "original_price": null
    },
    {
      "product_name": "Premium Grünpflanze in Viereck-Keramik",
      "brand": null,
      "variant": null,
      "offer_price": 9.99,
      "price_before": null,
      "uvp": null,
      "unit_price_value": null,
      "unit_price_per": null,
      "discount_percent": null,
      "pack_size_text": "Je Topf",
      "multi_buy_text": null,
      "lidl_plus": false,
      "lidl_plus_only": false,
      "other_badges": [],
      "category": null,
      "action_type": "regular",
      "price_candidates": [
        {
          "value": 9.99,
          "context": "Je Topf",
          "type_hint": "offer"
        }
      ],
      "confidence": "high",
      "page": 65,
      "tile": null,
      "original_price": null
    },
    {
      "product_name": "Bepflanzte Glasschale",
      "brand": null,
      "variant": null,
      "offer_price": 6.99,
      "price_before": null,
      "uvp": null,
      "unit_price_value": null,
      "unit_price_per": null,
      "discount_percent": null,
      "pack_size_text": "Je Schale",
      "multi_buy_text": null,
      "lidl_plus": false,
      "lidl_plus_only": false,
      "other_badges": [],
      "category": null,
      "action_type": "regular",
      "price_candidates": [
        {
          "value": 6.99,
          "context": "Je Schale",
          "type_hint": "offer"
        }
      ],
      "confidence": "high",
      "page": 65,
      "tile": null,
      "original_price": null
    },
    {
      "product_name": "Hyazinthen",
      "brand": null,
      "variant": null,
      "offer_price": 3.99,
      "price_before": null,
      "uvp": null,
      "unit_price_value": null,
      "unit_price_per": null,
      "discount_percent": null,
      "pack_size_text": "5 Zwiebeln je Topf",
      "multi_buy_text": null,
      "lidl_plus": false,
      "lidl_plus_only": false,
      "other_badges": [],
      "category": null,
      "action_type": "regular",
      "price_candidates": [
        {
          "value": 3.99,
          "context": "5 Zwiebeln je Topf",
          "type_hint": "offer"
        }
      ],
      "confidence": "high",
      "page": 65,
      "tile": null,
      "original_price": null
    },
    {
      "product_name": "Blumenzwiebeln",
      "brand": null,
      "variant": null,
      "offer_price": 2.99,
      "price_before": null,
      "uvp": null,
      "unit_price_value": null,
      "unit_price_per": null,
      "discount_percent": null,
      "pack_size_text": "Je Topf",
      "multi_buy_text": null,
      "lidl_plus": false,
      "lidl_plus_only": false,
      "other_badges": [],
      "category": null,
      "action_type": "regular",
      "price_candidates": [
        {
          "value": 2.99,
          "context": "Je Topf",
          "type_hint": "offer"
        }
      ],
      "confidence": "high",
      "page": 65,
      "tile": null,
      "original_price": null
    }
  ]
}