Gültig vom 30. bis 31. Januar 2026
xxl–Wochen–
Endspurt!
FREITAG & SAMSTAG
100 g
0.89 €
Schweinefilet
11
in Bedienung und SB erhältlich ,
besonders zart
AKTION
4 kg Sack
1.99 €
U
R
S
P
R
U
N
G
S
B
E
E
T
Z
Z
E
T
I
Ü
C
H
H
C
N
S
U
E
N
G
•
•
G
Herz
Allgäuer
Emmentaler
5
mild-feiner Hartkäse,
45 % Fett i. Tr.,
auch in Scheiben
erhältlich
100 g
1,99
1.29 €
–35 %
Speise-
kartoffeln
aus Deutschland ,
Sorte: siehe Etikett,
Kochtyp: vorwiegend
festkochend,
1 kg = 0,50 €,
4 kg Sack
Naturland
Herzberger
Bio-Dinkel- oder
Roggenbrötchen
1 kg = 6,67 €,
3 Stück = 225 g Tüte
38, 42
Kölln Müsli
verschiedene Sorten,
z. B. Früchte-Hafer
Müsli, Knusper Schoko
& Keks Hafer-Müsli oder
Schoko Hafer-Müsli
weniger Zucker,
1 kg = 4,44/5,05/4,93 €,
500/440/450 g Packung
BIO
3 Stück
1.50 €
AKTION
Haribo
verschiedene Sorten,
1 kg = 5,03/5,50 €,
175/160 g Beutel
2.22 €
AKTION
Warsteiner
1, 8
Pilsener, Herb:
20 x 0,5 l Fl./Kasten,
Extra: 24 x 0,33 l Fl./Kasten,
1 l = 1,00/1,26 €,
zzgl. 3,10/3,42 € Pfand
9.99 €
AKTION
100 g
1.99 €
Victoriasee-
barschfilet
4
ohne Haut
AKTION
–0,11 € in
tebonus Punkten
0.77 *
1 kg = 4,40/4,81 €
0.88 €
AKTION
Glücksblatt
Küchentücher
XL-Pack
3-lagig,
8 x 45 Blatt
Großpackung
Großpackung
5,49
4.44 €
–19 %
* Der tebonus Rabatt wird in Punkten auf dem Konto gutgeschrieben. 1 Keine Abgabe von alkoholischen Getränken an Personen unter 16 Jahren. 
4 Diese Artikel erhältst du in tegut… Märkten mit einer Fisch-Frischetheke in Bedienung.
Alle Angebote ohne Dekoration. 
5 Diese Artikel erhältst du in tegut… Märkten mit einer Käse-Frischetheke in Bedienung. Alle Angebote ohne Dekoration. 
8 Nicht in allen tegut… Märkten erhältlich. 
11 Alle Angebote ohne Dekoration.

38 Diese Artikel erhältst du in tegut... Märkten mit einem Backshop in Selbstbedienung. Alle Angebote ohne Dekoration. 42 Diese Artikel erhältst du in tegut… Märkten mit einem Backshop in Bedienung. Alle Angebote ohne Dekoration.
Gültig vom 26. bis 31. Januar 2026
Eiskalt
eintüten und
sparen
Naturland tegut...
Bio-Steinofenpizza
8
verschiedene Sorten, z. B. Salami,
Spinat & Gorgonzola oder Margherita,
tiefgefroren, 1 kg = 10,58/10,26/11,26 €,
330/340/310 g Packung
BIO
3.49 €
AKTION
Frosta
kleine
Mahlzeit
verschiedene
Sorten,
tiefgefroren,
1 kg = 6,64 €,
375 g Beutel
tegut...
Calamares
à la Romana
Tintenfischringe
im Backteig,
tiefgefroren,
1 kg = 7,98 €,
500 g Packung
2.49 €
tegut...
Mini-
Cordon bleu oder
-Knusperschnitzel
tiefgefroren, 1 kg = 11,23 €,
400 g Packung
4.49 €
AKTION
tegut...
Hähnchenbrust-
filet-Teilstücke
8
ohne Gentechnik,
tiefgefroren,
1 kg = 9,98 €,
500 g Packung
4.99 € 5,79
–13 %
AKTION
3.99 €
AKTION
Frosta
Schlemmerfilet
8
aus bestandserhaltender
Fischerei, tiefgefroren,
1 kg = 7,75 €, 360 g Packung
2.79 €
AKTION
1.99 € 3,99
– 50 %
BIO
Langnese Cremissimo Eis
verschiedene Sorten, 1 l = 2,21/2,41 €,
900/825 ml Packung
BIO
1.99 €
10 %
Rabatt
auf Deutsche See
Fischfilets
verschiedene Sorten,
tiefgefroren
Naturland
Alnatura Bio-Blattspinat,
Bioland Bio-Junge Erbsen
oder -Brechbohnen
tiefgefroren, 1 kg = 4,42 €, 450 g Packung
BIO
10 %
Rabatt
auf tegut... Bio
zum kleinen Preis
Bio-Mango,  -Wild-
heidelbeeren, -Erdbeeren
oder -Himbeeren
tiefgefroren, 300 g Packung
Kombi–
Angebot
3 STÜCK
3 Packungen
Naturland
Alnatura
Bio-Speisequark
40/20 % Fett i. Tr.,
1 kg = 5,16 €, 250 g Becher
Drei
Packungen
Milkana Schmelzkäse
 verschiedene Sorten ,
50 % Fett i. Tr., je 190 g;
1 kg = 10,53 €; Sorten frei wählbar.
6.00
AKTION
demeter
Schrozberger
Milchbauern
Bio-Joghurt
mild, 3,5 % Fett,
1 kg Eimer
8 Nicht in allen tegut… Märkten erhältlich.
BIO
1.29 €
AKTION
BIO
Kauf 3
Zahl 2
mind. 2,49 €
gespart
Zwei Teller
Wiltmann Bio-Wurstaufschnitt
 verschiedene Sorten , je 80 g, kaufen
und den dritten, günstigsten geschenkt
bekommen. Sorten frei wählbar.
BIO
2.49 € 3,49
–28 %
Kauf 2
Zahl 1
Einen Doppelkammerbecher
müller Joghurt mit der Ecke
⁸
verschiedene Sorten, kaufen und den zweiten
geschenkt bekommen. Sorten frei wählbar.
mind. 0,89 €
gespart
2.22 €
AKTION
Coppenrath & Wiese
Unsere Goldstücke
kernig & kräftig
verschiedene Sorten,
z. B. Dinkel- oder Roggenbrötchen,
tiefgefroren, 1 kg = 5,29/4,53 €,
420/490 g Packung
– Serviervorschlag – Hintergrundbild KI-generiert
KW 05/2026 Für Druckfehler keine Haftung.
* Der tebonus Rabatt wird in Punkten auf dem Konto gutgeschrieben. 11 Alle Angebote ohne Dekoration.
Angebote KW 05/2026
gültig vom 26. bis 31. Januar 2026
grosse
Auswahl,
tolle
preise
–0,50 € in
tebonus Punkten
6.49 *
1 kg = 12,98 €
Melitta
Auslese
verschiedene Sorten,
1 kg = 13,98 €, 500 g Packung
6.99 € 9,29
–24 %
Bio-Hähnchen-
brustfilet
11
in Bedienung und SB
erhältlich ,
besonders zart
BIO
100 g
2.79 €
AKTION
–0,11 € in
tebonus Punkten
0.88 *
1 kg = 4,40 €
Arla
Buko
verschiedene Sorten,
Frischkäsezubereitung,
17 – 70 % Fett im Milchanteil,
1 kg = 4,95 €, 200 g Packung
BIO
Red Bull
Energy Drink oder
Organics
verschiedene Sorten,
teilweise koffeinhaltig,
1 l = 3,96/3,00 €,
0,25/0,33 l Dose,
zzgl. 0,25 € Pfand
0.99 € 1,99
– 50 %
0.99 € 1,39
–28 %
–0,10 € in
tebonus Punkten
0.49 *
1 kg = 2,58 €
Ehrmann
Grand Dessert
verschiedene Sorten,
1 kg = 3,11 €,
190 g Becher
1 €
VITAMINE
tegut…
Avocado
tegut.com/herkunftscheck ,
aus Vertragsanbau
in Kolumbien,
Sorte: Hass,
Klasse I, Stück
Bild KI generiert
BW – BY-FR – BY-OB/BY-S – TH
0.59 € 1,19
– 50 %
1.00 €
–0,50 € in
tebonus Punkten
2.99 *
1 kg = 5,98 €
BIO
demeter
tegut…
Bio-Cherry-
strauchtomaten
tegut.com/herkunftscheck ,
aus Vertragsanbau in Italien,
Klasse II, 1 kg = 6,98 €, 500 g Schale
3.49 €
tegut…
Champignons braun
tegut.com/herkunftscheck,
aus Vertragsanbau in Deutschland ,
Klasse I, 1 kg = 7,16 €, 250 g Schale
1.79 €
3.99 €
Aschenblume
8
verschiedene Farben,
im 12 cm Kultur-Topf
Vielseitige
Knolle
für deine kreative
Küche
auf
Bioland
Bio-Süßkartoffeln
von der Insel Reichenau,
Deutschland , Klasse II, 1 kg
EXKLUSIVER TEBONUS WOCHEN-HIT!
BIO
demeter
Bio-Kohlrabi
aus Vertragsanbau in Italien,
Klasse II, Stück
1.29 €
tegut... Chicorée
tegut.com/herkunftscheck,
aus Vertragsanbau in Deutschland ,
Klasse I, 1 kg = 3,98 €, 500 g Packung
1.99 €
0.49 €
Mini Gurken
aus Spanien, Klasse I, Stück
BIO
Bio-Süßkartoﬀ eln von der Insel Reichenau sind
voller guter Nährstoﬀ e. Die Konsistenz der Knollen
ähnelt der einer mehlig kochenden Kartoﬀ el. Das
Aroma ist leicht nussig und der süßliche Geschmack
erinnert an Kürbis. Gerade deshalb sind sie auch
bei Kindern beliebt. Weltweit gehören Süßkartoﬀ eln
mittlerweile zu den wichtigsten Grundnahrungs-
mitteln. Sie lassen sich vielseitig gekocht, gebraten
oder gegart einsetzen. Als Püree sind sie
beispielsweise eine tolle Basis für Schupfnudeln
oder Gnocchi.
H
i
e
r
g
e
h
t
'
s
20-fach
Punkte
Kumpir
gefüllte
Süss-
Kartoffeln
m
t…
R
e
z
e
p
u
z
einfach mal
ins Grüne
eintauchen
TIPP: Kiwi Konfitüre
250 g reife Kiwis schälen, Fruchtfleisch
vom Strunk schneiden. Mit 100 g Gelierzucker
2:1 und 1 EL Zitronensaft in einen
Topf geben. 10 g fein geriebenen Ingwer zugeben,
3 Min. sprudelnd kochen. In Gläser
füllen, verschließen, auskühlen lassen.
BIO
0.49 €
Bio-Kiwi grün
aus Vertragsanbau in Italien,
Sorte: Hayward, Klasse II, Stück
BIO
2.99 €
demeter
tegut… Bio-Orangen
tegut.com/herkunftscheck , aus Vertragsanbau in Spanien,
Sorte: siehe Etikett, Klasse II, nachhaltige Verpackung , 1 kg Netz
0.99 €
Bild KI-generiert
–0,50 € in
tebonus Punkten
1.99 *
1 kg = 3,98 €
Weintrauben
mix, kernlos
aus Südafrika, Sorte: siehe Etikett,
Klasse I, 1 kg = 4,98 €, 500 g Schale
2.49 €
BIO
1.99 €
Bio-Mango
aus Peru oder Ecuador,
Sorte: Kent oder Keitt,
Klasse II, Stück
300 g Schale
1.99 €
Heidelbeeren
aus Chile oder Peru,
Klasse I, 1 kg = 6,63 €, 300 g Schale
Bioland
BIO
2.99 €
tegut...
Zitronen
tegut.com/herkunftscheck ,
aus Vertragsanbau in Spanien,
Klasse I, 1 kg = 1,98 €, 500 g Netz
oder demeter
tegut… Bio-Pausenäpfel
tegut.com/herkunftscheck ,
aus Vertragsanbau in Südtirol, Italien,
Sorte: siehe Etikett, Klasse II, 1 kg Schale
* Der tebonus Rabatt wird in Punkten auf dem Konto gutgeschrieben. Alle Angebote ohne Dekoration. 
8 Nicht in allen tegut… Märkten erhältlich.
3
Lammhüfte
6
natur oder gewürzt,
fein aromatisch
100 g
3.49 €
AKTION
tegut...
LandPrimus
Roastbeef
6
tegut.com/landprimus ,
ideal zum Kurzbraten als Steak
oder zum Schmoren als Braten
100 g
3.99 €
AKTION
100 g
tegut...
LandPrimus
Schweinerücken
6
tegut.com/landprimus ,
zart und saftig
0.99 €
AKTION
100 g
Bio-Rinder-
roulade
6
aus der Keule,
schmackhaft und zart
100 g
2.99 €
AKTION
tegut...
LandPrimus
grobe Bratwurst
6
tegut.com/landprimus ,
herzhaft-würzig
0.99 €
AKTION
Hol dir den
Super Bowl
nach Hause!
am 08.02.
Mecklenburger Landpute
Bio-Geflügelhackfleisch
nur in SB erhältlich, gewürzt, 1 kg = 19,96 €, 250 g Packung
BIO
4.99 € 5,99
–16 %
1 kg = 23,30 €, 300 g Packung Touchdown
Biokreis tegut... Bio-Rindfleischburger
nur in SB erhältlich, ideal für Grill oder Pfanne,
BIO
6.99 €
AKTION
4
6 Diese Artikel erhältst du in tegut… Märkten mit einer Fleisch- und Wurst-Frischetheke in Bedienung. Alle Angebote ohne Dekoration.
Wenig Fett,
viel
Geschmack
Bio-Hähnchen-
pfanne
Ingwer Lemon
6
mit Ananas, Erbsen
und Paprika
Schweine-
mett
6
für die schnelle
Zubereitung,
schmackhaft
gewürzt
Kalbsschnitzel
aus der Keule,
besonders zart
und saftig
6
Köstlichkeiten
aus Hohenlohe -
feine Produkte
von Beck Spanferkel-
Spezialitäten
Spanferkel Rack
6
mit Schwarte, ideal für den Grill
BIO
100 g
3,99
2.99 €
–25 %
Geflügelfleisch
ist ein toller
Proteinlieferant.
Vor allem, wenn es wie in
unserem Fall Geflügel aus
Bio-Haltung ist. Da kann
man guten Gewissens
zugreifen. Wenn man
das Hähnchen dann noch
mit frischem Ingwer
und Zitrone abschmeckt,
hat man einen tollen
Power-Boost in der Pfanne.
100 g
0.69 €
AKTION
Cordon Bleu
6
paniert und gefüllt mit Schinken und Käse
100 g
1.29 €
AKTION
100 g
2.79 €
tegut...
LandPrimus
Rinderbrust
6
tegut.com/landprimus ,
ideal als Suppenfleisch
100 g
2,19
1.79 €
–18 %
Handwerkliches Können und schonende
Verarbeitung machen jedes Stück zum Lecker-
bissen. Natürlich als besonderes Bratenstück
im Back- oder Heißluftofen ein Highlight. Über-
zeuge dich selbst von unserer hohen Qualität
und dem ausgezeichneten Geschmack unserer
Spanferkel-Spezialitäten. Als Beilagen kannst
du Kartoffelspeisen, frische Salate und Gemüse
reichen – alles schmeckt köstlich dazu.
Einen Guten Appetit
wünscht dir
100 g
2.79 €
AKTION
Saiblings-
filet
4
festes Fleisch,
aus Aquakultur
100 g
3,99
2.99 €
–25 %
Riesen-
garnelen
in Aioli oder
Dillcreme
4
100 g
2.99 €
AKTION
Meine
Lieblinge
Forelle
aus bestandserhaltender
Fischerei, aufgetaut,
1 kg = 26,53 €,
75 g Packung
1.99 €
AKTION
Nadler
Heringsfilets
verschiedene Sorten,
1 kg = 6,98 €, 400 g Becher
2.79 € 3,99
–30 %
Für den Hunger zwischendurch
Stück
2.00 €
Fleischkäse
Brötchen/
Leberkäse
Semmel
8
Complete
Organics
Bio-Kimchi
verschiedene Sorten,
0,240/0,230 kg Abtropfgewicht,
1 kg = 16,63/17,35 €, 230/220 g Glas
BIO
3.99 € 4,79
–16 %
2.99 € 3,79
–21 %
Mowi
Sushi MAP small
8
aus bestandserhaltender Fischerei,
aus verantwortungsvoller Fischzucht,
1 kg = 19,28 €, 206,5 g Packung
tegut… Daily
Salatschale
8
Pasta Mozzarella,
Pasta Hähnchen oder
Knöpfle Maultaschen Salat,
1 kg = 8,54 €, 350 g Packung
6
4 Diese Artikel erhältst du in tegut… Märkten mit einer Fisch-Frischetheke in Bedienung. Alle Angebote ohne Dekoration. 
8 Nicht in allen tegut… Märkten erhältlich.
3.99 € 4,79
–16 %
Naturland
Herzberger
Bio-Mehrkornbrötchen
oder -Sauerteigbrötchen
38, 42
1 kg = 9,48/8,84 €, 3 Stück = 210/225 g Tüte
BIO
3 Stück
1.99 €
AKTION
Herzberger
Bio-Laugen-
stange
38, 42
1 kg = 7,21 €,
3 Stück = 276 g Tüte
BIO
3 Stück
1.99 €
AKTION
Herzberger
Bio-Lein-
sprossenbrot
oder Naturland
Herzberger
Bio-Hausbrot
mit Emmer
38, 42
1 kg = 6,98/8,73 €,
500/400 g Laib
BIO
3.49 €
AKTION
10 Stück
Simit
Sesam
38
Weizen-
kleingebäck
mit Sesam,
1 kg = 6,42 €,
120 g Stück
0.77 € 0,99
–22 %
Zimt Cube
38
feines Hefeteig-
gebäck mit
Zimtzubereitung,
dekoriert mit
Zucker-Zimt-
Mischung,
1 kg = 10,42 €,
143 g Stück
1.49 € 1,99
–25 %
Weizen-
brötchen
38
1 kg = 2,31 €,
10 Stück = 650 g Tüte
1.50 €
AKTION
Lieken Urkorn
Kraftkerni oder
Grahambrot
1 kg = 3,58 €,
500 g Packung
1.79 €
AKTION
Golden Toast
Toastbrot
Butter oder Vollkorn,
1 kg = 2,78 €,
500 g Packung
38 Diese Artikel erhältst du in tegut... Märkten mit einem Backshop in Selbstbedienung. Alle Angebote ohne Dekoration.
42 Diese Artikel erhältst du in tegut… Märkten mit einem Backshop in Bedienung. Alle Angebote ohne Dekoration.
1.39 €
AKTION
Bahlsen
Comtess Kuchen
verschiedene Sorten,
1 kg = 5,69 €,
350 g Packung
1.99 €
AKTION
7
Alpenspeck
6
mild geräuchert und
schonend luftgetrocknet,
mit vollmundigem Geschmack
100 g
2,99
1.99 €
–33 %
Salamiwurst-Aufschnitt
6
verschiedene, schmackhafte Sorten,
z. B. Pfeffersalami
1.79 € 100 g
AKTION
Bio-Kochschinken
saftig, zart und mild
6
BIO
100 g
4,49
2.99 €
–33 %
Mortadella
Bologna
6
nach traditioneller
Rezeptur hergestellt,
mit Pistazien veredelt
100 g
1,99
1.79 €
–10 %
8
6 Diese Artikel erhältst du in tegut… Märkten mit einer Fleisch- und Wurst-Frischetheke in Bedienung.
Alle Angebote ohne Dekoration.
Alles frisch
Kräuter-
leberwurst
6
rustikale Spezialität
mit urtypischem
Pfälzer Charakter,
ohne jegliche Zusatzstoffe
100 g
1,99
0.99 €
– 50 %
Bio-Räucherwurzerl
würziger Salamisnack
über Buchenholz geräuchert,
gereifte Qualität
6
BIO
100 g
4,99
2.99 €
– 40 %
Traditionell
für Heute
gemacht
tegut...
LandPrimus
Delikatess
Wiener
6
tegut.com/landprimus ,
im Saitling, herzhaft
und knackig, ohne
Geschmacksverstärker
100 g
1.29 €
AKTION
von der Theke
Bio-Wiesen-
milch Tilsiter
oder Bocks-
hornklee Käse
45 % Fett i. Tr.,
auch in Scheiben
erhältlich
5
BIO
100 g
2,29
1.79 €
–21 %
Urtyroler
Käse
5
kräftiger Hartkäse,
45 % Fett i. Tr.,
auch in Scheiben
erhältlich
100 g
3,29
2.79 €
–15 %
Unsere Marke LandPrimus
steht für die guten,
handwerklichen Dinge.
Dazu gehören auch unsere
Delikatess Wiener
im Natursaitling.
Knackig, saftig und von
erfahrenen Metzgern nach
bester Tradition gebrüht
und heiß geräuchert. So
entsteht ein unwidersteh-
licher Geschmack, der ganz
ohne Verstärker und
Zusatzstoffe auskommt.
Einfach lecker!
Bio-Ennstaler Käse
5
würziger, halbfester Schnittkäse
mit Blauschimmel, 55 % Fett i. Tr.
BIO
100 g
2,49
1.99 €
–20 %
100 g
Dahlhoff
Frischkäsecreme
verschiedene Sorten,
50 – 60 % Fett
im Milchanteil
5
1.49 €
AKTION
100 g
Saint Albray
oder Chaumes
würziger Weichkäse,
51 – 56 % Fett i. Tr.
5
1.99 €
AKTION
auf
Bioland
Coburger
Bio-Brietorte 5
mild-feiner Weichkäse,
60 % Fett i. Tr.
BIO
50 %
Rabatt
mind. 1,15 €
je 100 g gespart
5 Diese Artikel erhältst du in tegut… Märkten mit einer Käse-Frischetheke in Bedienung.
Alle Angebote ohne Dekoration.
9
Milram
Sour Cream oder
Frühlingsquark
verschiedene Sorten, 40 % Fett i. Tr.,
1 kg = 5,35 €, 185 g Becher
Zott Monte
Maxi oder Mega, 1 kg = 3,73 €,
4 x 100 g Packung/400 g Becher
Kauf 3
Zahl 2
mind. 1,99 €
gespart
Zwei Gläser
tegut... Joghurt mild
verschiedene Sorten, 3,5 % Fett im Milchanteil,
kaufen und das dritte geschenkt bekommen.
Sorten frei wählbar. Zzgl. 0,15 € Pfand je Glas.
10
8 Nicht in allen tegut… Märkten erhältlich.
0.99 €
AKTION
Weihenstephan
Cremig & Quarkig
verschiedene Sorten,
Dreiviertelfettstufe,
1 kg = 3,58 €, 500 g Becher
1.49 € 2,69
– 44 %
Rama Cremefine
zum Kochen, 15/7 % Fett,
1 l = 3,96 €, 250 ml Flasche
Naturli
veganer Bio-Block oder
veganes Bio-Streichfett
1 kg = 8,95/7,96 €,
200 g Block/225 g Becher
BIO
1.79 € 2,29
–21 %
Simply V
vegane Scheiben
oder gerieben
8
würzig oder Pizza-Reibe-
alternative, 1 kg = 13,27/11,06 €,
150/180 g Packung
1.99 € 2,49
–20 %
Alnatura
Bio-Quarkalternative
aus Soja
vegan, 1 kg = 4,98 €,
400 g Becher
Rügenwalder Mühle
Pfannengericht
verschiedene Sorten, vegan,
1 kg = 12,45/13,83 €,
200/180 g Packung
1.79 € 2,39
–25 %
0.99 € 1,49
–33 %
BIO
1.99 €
2.49 €
AKTION
– Serviervorschlag –
leckeres,
das den Alltag
bereichert
Kauf 3
Zahl 2
mind. 2,79 €
gespart
Bioland Alnatura
Bio-Mozzarella
45 % Fett i. Tr.,
0,125 kg Abtropfgewicht,
1 kg = 10,32 €, 200 g Beutel
BIO
1.29 € 1,49
–13 %
Pick
Original
ungarische
Salami
1 kg = 19,96 €,
250 g Stück
4.44 € 6,99
–36 %
Zwei Packungen
Reinert Schinken Nuggetz
verschiedene Sorten, z. B. mager
oder herzhaft, je 150 g, kaufen und
die dritte günstigste geschenkt bekommen.
Sorten frei wählbar.
Rougette
Ofenkäse
verschiedene Sorten,
1 kg = 12,47 €,
320 g Packung
3.99 €
AKTION
2.79 € 4,19
–33 %
Rügener
Badejunge
Weichkäse, cremig oder sahnig,
45/60 % Fett i. Tr., 1 kg = 13,27 €,
150 g Packung
1.99 € 2,69
–26 %
Mini Babybel
45 % Fett i. Tr., 1 kg = 15,50 €,
9 x 20 g = 180 g Netz
Mehr als 800 Artikel jeden Tag Discount–Günstig
Jeden Tag
Fruchtjoghurt
verschiedene Sorten,
3,5 % Fett im
Milchanteil,
1 kg = 2,60 €,
150 g Becher
0.39 €
Jeden Tag
Salami
1 kg = 8,45 €,
200 g Packung
1.69 €
Jeden Tag
Wiener
Würstchen
1 kg = 7,48 €,
2 x 200 g Packung
2.99 €
11
Gustavo Gusto Pizza
verschiedene Sorten,
z. B. Margherita oder
Rinder-Salami, tiefgefroren,
1 kg = 9,24/8,24 €,
410/460 g Packung
Kauf 3
Zahl 2
mind. 6,99 €
gespart
Hol dir den
Super Bowl
nach Hause!
Touchdown
am 08.02.
Zwei Packungen
Ben & Jerry’s Eiscreme
 verschiedene Sorten , kaufen und die dritte
geschenkt bekommen. Sorten frei wählbar.
iglo
Chicken
Nuggets
oder
Safari Mix
8
tiefgefroren,
1 kg = 11,96 €,
250 g Packung
BIO
Costa
Wildlachs-Filets
8
aus bestandserhaltender
Fischerei, tiefgefroren,
1 kg = 29,95 €, 200 g Packung
5.99 € 7,99
–25 %
tegut...
Bio zum
kleinen Preis
Bio-Brokkoli oder
-Blumenkohl
tiefgefroren, 1 kg = 6,63 €,
300 g Packung
1.99 €
tegut...
Kartoffelpuffer
aus frisch geriebenen Kartoffeln,
fein gewürzt, tiefgefroren,
1 kg = 3,70 €, 600 g Packung
Wenn’s schnell gehen soll
Emmi‘s oder
Burgis Knödel
verschiedene Sorten,
1 kg = 4,77/3,58 €,
375/500 g Packung
12
8 Nicht in allen tegut… Märkten erhältlich.
1.79 €
AKTION
Meica
Curryking Classic
1 kg = 8,14 €, 220 g Schale
1.79 € 2,69
–33 %
Knack & Back
8
Sonntags-Brötchen oder
Croissants, 1 kg = 4,23/7,04 €,
400/240 g Packung
3.79 € 4,79
–20 %
2.99 € 3,99
–25 %
2.22 €
AKTION
1.69 € 2,49
–32 %
Tolle
Aktionsrabatte
für dein
Sparerlebnis!
–0,68 € in
tebonus Punkten
1.11 *
1 kg = 3,89 €
Bonduelle
Goldmais
0,285 kg Abtropf-
gewicht,
1 kg = 6,28 €,
300 g Dose
–0,25 € in
tebonus Punkten
0.44 *
1 kg = 7,33 €
1.79 €
–1,20 € in
tebonus Punkten
1.79 *
1 kg = 2,24 €
Sonnen
Bassermann
Eintopf
verschiedene
Sorten,
1 kg = 3,74 €,
800 g Dose
–3,00 € in
tebonus Punkten
9.99 *
1 kg = 33,30 €
2.99 €
0.69 €
2.49 €
Biokreis
tegut...
Bio-Putenbrust-
geschnetzeltes
besonders zart, zum Kurzbraten
geeignet, 1 kg = 43,30 €,
300 g Packung
–0,50 € in
tebonus Punkten
1.39 *
1 kg = 9,03 €
Yum Yum
Instant-Nudeln
verschiedene Sorten,
1 kg = 11,50 €, 60 g Beutel
–1,00 € in
tebonus Punkten
2.99 *
1 l = 5,98 €
Huel
Trink-
mahlzeit
verschiedene
Sorten,
1 l = 7,98 €,
500 ml Flasche,
zzgl. 0,25 € Pfand
–0,70 € in
tebonus Punkten
1.59 *
1 kg = 15,90 €
Mit tebonus beim
Einkaufen sparen:
Für je 2 € Einkauf a) erhältst du
einen tebonus Punkt.
Mit exklusiven Aktionen
sammelst du zusätzlich Punkte.
Deine Punkte kannst du ganz einfach
beim Bezahlen an der Kasse einlösen:
Pro Punkt sparst du einen Cent.
Du hast noch keine
tebonus Karte?
Jetzt in der App oder unter
tegut.com/tebonus anmelden.
–0,70 € in
tebonus Punkten
1.79 *
1 kg = 25,57 €
Aoste
Stickado
verschiedene
Sorten,
z. B. Classic,
Walnuss oder
Hot Chili,
1 kg = 35,57 €,
70 g Packung
–0,40 € in
tebonus Punkten
1.29 *
1 kg = 2,58 €
Bioland
Andechser Natur
Bio-Kefir mild
1,5 % Fett,
1 kg = 3,38 €,
500 g Flasche,
zzgl. 0,25 € Pfand
–0,88 € in
tebonus Punkten
1.11 *
1 kg = 7,40 €
Hol dir den
Super Bowl
nach Hause!
Oreo Kekse
Original
verschiedene Sorten,
1 kg = 12,27 €,
154 g Rolle
1.89 €
Ritter Sport
Schokolade
Nuss Klasse
oder Kakao Klasse
verschiedene Sorten,
1 kg = 22,90 €, 100 g Tafel
2.29 €
Touchdown
Am 08.02.
Chio
Chips
verschiedene Sorten,
1 kg = 13,27 €, 150 g Beutel
* Der tebonus Rabatt wird in Punkten auf dem Konto gutgeschrieben.
a) Vorteile werden nicht gewährt für den Kauf von Tabakwaren, Verlagserzeugnissen, Handyguthaben, Geschenkgutscheinen, sonstigen Wertkarten,
Tchibo-Artikeln, Lotterie-Produkten sowie auf Postdienstleistungen, Pfandbeträge und alle weiteren entsprechend gekennzeichneten Leistungen.
BIO
BIO
12.99
€
3.99 €
1.69 €
1.99 €
13
Hol dir den
Super Bowl
nach Hause!
Touchdown
Am 08.02.
funny-frisch
Linsen-Chips oder Popchips
verschiedene Sorten, 1 kg = 16,56/18,63 €,
90/80 g Beutel
1.49 € 1,99
–25 %
Meßmer
Kräuter- oder Früchtetee
verschiedene Sorten, z. B. Pfefferminze oder
Früchte-Mischung, 1 kg = 28,39/21,20 €,
25 Aufgussbeutel = 56,25/75 g Packung
DeBeukelaer
Prinzenrolle oder
Prinzenrolle Cremys
z. B. Classic oder Cremys,
1 kg = 4,23/9,83 €,
400 g Rolle/172 g Packung
1.69 €
AKTION
Balisto oder Twix
verschiedene Sorten,
1 kg = 15,00/8,88 €,
8/5er = 148/250 g Packung
2.22 €
AKTION
Dr. Soldan’s
Em-eukal Bonbons
verschiedene Sorten, ohne Zucker,
1 kg = 19,87 €, 75 g Beutel
BIO
10 %
Rabatt
auf
Alnatura
Bio-Schokolade
 verschiedene Sorten ,
100 g Tafel
Julius Meinl
Vienna Kaffeebohnen
Melange oder Espresso,
1 kg Packung
8
16.99
€
AKTION
Ovomaltine
Crunchy Cream
1 kg = 9,18 €, 380 g Glas
Über 150 Bio–Artikel immer zum Discount–Preis
BIO
1.99 €
tegut...
Bio zum kleinen Preis
Bio-Kessel-Chips
verschiedene Sorten,
1 kg = 15,92 €, 125 g Packung
14
8 Nicht in allen tegut… Märkten erhältlich.
tegut...
Bio zum
kleinen Preis
Bio-Konfitüre
verschiedene
Sorten,
1 kg = 6,03 €,
330 g Glas
BIO
1.99 €
tegut...
Bio zum
kleinen
Preis Bio-
Blütenhonig
cremig oder
flüssig,
1 kg = 7,98 €,
500 g Glas
1.59 €
AKTION
1.49 € 1,99
–25 %
3.49 € 4,49
–22 %
BIO
3.99 €
tegut...
Gurken
verschiedene Sorten,
z. B. Delikatess
Gewürzgurken oder
pikante Gewürzgurken,
0,360/0,450 kg
Abtropfgewicht,
1 kg = 4,14/3,31 €,
670/840 g Glas
1.49 € 1,99
–25 %
Barilla
Pasta
Collezione
oder
Al Bronzo
8
verschiedene
Sorten,
1 kg = 3,98 €,
500 g Packung
1.99 € 2,49
–20 %
tegut...
Weizenmehl
verschiedene
Sorten,
1 kg Packung
0.79 € 1,29
–38 %
–0,23 € in
tebonus Punkten
1.99 *
1 kg = 10,47/
9,95 €
Barilla Pesto
verschiedene Sorten,
1 kg = 11,68/11,10 €,
190/200 g Glas
2.22 € 3,49
–36 %
B
E
Z
E
I
C
H
N
U
S
N
G
G
•
N
U
R
P
S
R
U
•
E
T
Z
T
Ü
H
C
S
G E
Mani Bläuel
Bio-Olivenöl
Messara
g.U. Kreta
oder
Naturland
Bio-Olivenöl
Selection
8
nativ extra,
1 l = 19,98 €,
500 ml Flasche
Alnatura
Himalaya
Bio-Basmati-
reis
weiß,
1 kg Beutel
* Der tebonus Rabatt wird in Punkten auf dem Konto gutgeschrieben. 8 Nicht in allen tegut… Märkten erhältlich.
BIO
9.99 € 13,99
–28 %
Zwei Dosen
followfood
Thunfisch-
Filets
8
verschiedene
Sorten, aus
bestandserhaltender
Fischerei, kaufen und
die dritte, günstigste
geschenkt bekommen.
Sorten frei wählbar.

Kauf 3
Zahl 2
mind. 3,29 €
gespart
Tress
Großmutters
Küche Eier-
teigwaren
verschiedene
Sorten,
1 kg = 4,44 €,
500 g Beutel
BIO
2.22 € 3,49
–36 %
Alnatura
Bio-
Mayonnaise
vegan,
1 l = 7,16 €,
250 ml Glas
8
1.79 €
AKTION
Knorr Fix
verschiedene Sorten,
z. B. Spaghetti Bolognese
oder Nudel-Schinken Gratin,
1 kg = 12,25/15,31 €, 40/32 g Beutel
0.49 € 1,19
– 58 %
BIO
BIO
4.49 €
auf
Little Lunch
Bio-Suppe oder
-Fertiggericht
verschiedene Sorten,
350 ml/g Glas
15 %
Rabatt
15
BY-FR
Landlust
1
Bio-Riesling/
-Grauer Burgunder,
trockener
Weißwein
aus Deutschland,
1 l = 5,32 €,
0,75 l Flasche
BIO
3.99 €
AKTION
Winzer-
gemeinschaft
Franken eG
Franken-
seele
1, 8
Domina oder
Schwarzriesling,
trockener Qualitäts-
wein aus Franken,
Deutschland,
1 l = 5,99 €,
0,75 l Flasche
4.49 €
AKTION
Corsaire
Réserve du
Président
1, 8
Rouge, Rosé oder
Blanc, trockener
Rot-, Rosé- oder
Weißwein aus
Korsika, Frankreich,
1 l = 6,65 €,
0,75 l Flasche
4.99 € 5,99
–16 %
Kombi–
Angebot
2 STÜCK
Fürst von
Metternich
Riesling Sekt,
1 l = 7,99 €,
0,75 l Flasche
1, 21
5.99 € 9,49
–36 %
La Siluetta
1, 8
Primitivo Puglia
oder Negroamaro
Puglia, trockener
Rotwein aus
Apulien, Italien,
1 l = 6,65 €,
0,75 l Flasche
4.99 € 5,99
–16 %
Dry January
Alkoholfrei durch
den Januar!
AKTION
Lillet
2, 21
Blanc oder
Rosé,
17 Vol.-%,
1 l = 15,99 €,
0,75 l Flasche
11.99
€
AKTION
Erdinger
Weißbier
1, 8
verschiedene Sorten,
1 l = 2,52 €, 6 x 0,33 l Fl./Pack,
zzgl. 0,48 € Pfand
Zwei
Kästen
Krombacher
1
22.002 Kästen
verschiedene Sorten,
20 x 0,5/24 x 0,33 l
Fl./Kasten;
1 l = 1,10/1,39/1,23 €;
zzgl. 3,10/3,42 € Pfand
je Kasten. Sorten frei wählbar.

Hol dir den
Super Bowl
nach Hause!
Touchdown
am 08.02.
Carlsberg Beer
1
1 l = 1,40 €, 20 x 0,5 l Fl./Kasten,
zzgl. 3,10 € Pfand
Bayreuther
Hell¹ oder
Hell
alkoholfrei 8
1 l = 1,50 €,
20 x 0,5 l Fl./Kasten,
zzgl. 3,10 € Pfand
16

* Der tebonus Rabatt wird in Punkten auf dem Konto gutgeschrieben. 1 Keine Abgabe von alkoholischen Getränken an Personen unter 16 Jahren. 
2 Keine Abgabe von alkoholischen Getränken an Personen unter 18 Jahren.
8 Nicht in allen tegut… Märkten erhältlich. 
21 Abgabe nur in haushaltsüblichen Mengen. Maximal 18 Flaschen pro Einkauf.
4.99 € 5,99
–16 %
–2,00 € in
tebonus Punkten
12.99 *
1 l = 1,30 €
€ 19,99
13.99
–30 %
14.99
€
AKTION
Spritzig
durch die
Woche
RhönSprudel
Mineralwasser
8
verschiedene Sorten, 1 l = 0,50 €,
12 x 1 l Fl./Kasten, zzgl. 3,30 € Pfand
5.99 € 8,49
–29 %
Bioland
tegut...
Bio-Streu-
obst-
Apfelsaft
naturtrüb,
100 % Direktsaft,
1 l = 2,00 €,
5 l Karton
BIO
9.99 € 12,49
–20 %
BIO
demeter
Voelkel Bio-Shot
verschiedene Sorten,
1 l = 15,68 €, 95 ml Flasche
BIO
1.49 € 1,99
–25 %
Rabenhorst
Muttersaft
8
Granatapfel
oder Cranberry,
1 l = 10,70 €,
0,7 l Flasche
7.49 € 9,49
–21 %
Ostmost
Bio-Schorle
8
verschiedene Sorten,
1 l = 3,91 €, 0,33 l Flasche,
zzgl. 0,08 € Pfand
8 Nicht in allen tegut… Märkten erhältlich.
BIO
1.29 € 1,49
–13 %
Powerade
verschiedene Sorten,
1 l = 1,98 €, 0,5 l Flasche,
zzgl. 0,25 € Pfand
0.99 € 1,49
–33 %
evian
Mineral-
8
wasser
1 l Flasche,
zzgl. 0,25 €
Pfand
0.88 € 1,09
–19 %
Zugabe–
Angebot
1 Flasche
Coca-Cola,
Fanta, Sprite
oder Mezzo Mix
verschiedene Sorten,
teilweise koffeinhaltig,
1 l = 0,73 €, 4 x 1,5 l Fl./Pack,
zzgl. 1,00 € Pfand
5.49
AKTION
Eine Flasche Coca-Cola, Fanta, Sprite oder Mezzo Mix,
verschiedene Sorten, teilweise koffeinhaltig, je 1,5 l;
zzgl. 0,25 € Pfand; gratis beim Kauf von einem 4er-Pack
Coca-Cola, Fanta, Sprite oder Mezzo Mix. Sorten frei wählbar.
Pfanner
Bio-Pure Tea
8
verschiedene Sorten,
1 l Flasche, zzgl. 0,25 € Pfand
BIO
0.89 € 1,19
–25 %
17
MACH DEINE HAUT STARK
FÜR DEN WINTER
2€ SPAREN*
1
NIVEA Produkte für
mind. 8€ kaufen
2
Coupon einlösen und
2€ Rabatt erhalten
Nivea Duschgel
9
Nivea Shampoo
9
Nivea Body Milk
verschiedene Sorten,
verschiedene Sorten,
oder Body Lotion
1 l = 7,96 €,
1 l = 9,96 €,
Lemongrass
8, 9
250 ml Flasche
250 ml Flasche
1 l = 11,23 €,
400 ml Flasche
* Beim Kauf von NIVEA/NIVEA MEN Produkten Ihrer Wahl mit einem Gesamteinkaufswert von mind. 8€ (ausge-
nommen Doppelpacks und Geschenksets) und bei gleichzeitiger Vorlage des NIVEA 2€-Rabatt Coupons erhalten
Sie einen Sofort-Rabatt in Höhe von 2€ auf die von Ihnen gekauften NIVEA/
NIVEA MEN Produkte direkt an der Kasse. Nur ein Coupon pro Kaufakt und nur
Original-Coupons einlösbar. Keine Barauszahlung möglich. Nicht mit anderen
Promotion-Aktionen der Beiersdorf AG kombinierbar. Nur in teilnehmenden
Märkten innerhalb Deutschlands. Aktionszeitraum: 19.01. – 15.02.2026.
9 8 2 3 2 0 0 9 7 2 0 0 4
1.99 € 2,29
–13 %
2.49 € 2,99
–16 %
Lavera
Duschgel
9
verschiedene
Sorten,
1 l = 13,96 €,
250 ml Flasche
3.49 € 3,99
–12 %
Speick
Deo Stick
oder
Rasier-
schaum
8, 9
1 l = 99,75/
19,95 €,
40 ml Stick/
200 ml Dose
3.99 € 4,99
–20 %
4.49 € 4,99
–10 %
Dove oder
Dove
MEN+care
Advanced
Care Deospray
oder Roll on
9
verschiedene
Sorten,
1 l = 19,93/
59,80 €,
150 ml Dose/
50 ml Roller
2.99 € 3,49
–14 %
Weleda
Sensitiv Reinigungs-
milch Mandel oder
Cold Cream
Gesichtscreme
8, 9
1 l = 106,53/266,33 €,
75/30 ml Tube
7.99 € 8,99
–11 %
aronal oder elmex
Classic Zahncreme
1 l = 46,53 €, 75 ml Tube
9
3.49 € 3,99
–12 %
TePe
Interdentalbürsten
verschiedene Größen,
8er-Packung
8, 9
4.44 € 5,29
–16 %
Soundbox
„Vogelgesang“
8, 9
aus Kunststoff,
Maße: 12 x 12 x 4 cm,
Batterien nicht im
Lieferumfang enthalten,
Stück
Flaschen-
Vasen
8, 9
verschiedene
Farben, Glas,
Höhe 10 cm,
3er-Set
5.99 €
3.99 €
18
9.99 €
Kunstpflanze
8, 9
verschiedene Farben,
Höhe 14 cm, Stück
8 Nicht in allen tegut… Märkten erhältlich. 
9 Nur solange der Vorrat reicht. Keine Mitnahmegarantie, Abgabe in haushaltsüblichen Mengen.
Nur in den über die tegut... Kundenbetreuung (Telefon 0661 104567, Mo.–Fr. 8 bis 18 Uhr) zu erfragenden Märkten.
Tulpen-
bund
8, 9
verschiedene
Farben,
künstlich,
Höhe 31 cm,
Stück
6.99 €
Persil
Waschmittel
8
Pulver, Discs oder Gel,
verschiedene Sorten,
€ 23,99
17.99
1 Waschladung = 0,20/0,24/0,18 €,
90/76/100 Waschladungen,
Packung/Flasche
–25 %
Weißer Riese
oder Spee
Waschmittel
Megaperls oder Gel,
verschiedene Sorten,
1 Waschladung = 0,20/0,17 €,
19/22 Waschladungen,
Packung/Flasche
3.79 € 4,79
–20 %
Pril
Handgeschirr-
spülmittel
verschiedene Sorten,
1 l = 3,09 €,
450 ml Flasche
1.39 €
AKTION
Softis
Toiletten-
papier
8
4-lagig,
9 x 100 Blatt
Packung
3.79 € 5,29
–28 %
Zwei
Packungen
Cottonelle Feuchte Toilettentücher
verschiedene Sorten, je 42 Blatt, kaufen und die
dritte geschenkt bekommen. Sorten frei wählbar.
Kauf 3
Zahl 2
mind. 1,79 €
gespart
Vitakraft
Hunde-
Beefstick
verschiedene
Sorten,
1 kg = 27,50 €,
12 g Packung
0.33 € 0,49
–32 %
Yarrah
Bio-Katzennahrung
verschiedene Sorten,
1 kg = 8,90 €, 100 g Schale
BIO
0.89 € 1,19
–25 %
Cat’s Best
Original Katzenstreu
8
100 % natürliche Pflanzenfasern,
1 l = 0,80 €, 10 l Tragebeutel
7.99 € 8,99
–11 %
9.99 €
Bring den
Frühling
Kissen
8, 9
verschiedene Tier-Motive,
Maße: 45 x 45 cm, Stück
Wanduhr
8, 9
Holzoptik, Ø 30 cm oder
schwarz, Ø 50 cm (19,99 €),
Batterie nicht im Lieferumfang
enthalten, Stück
ins Haus8 Nicht in allen tegut… Märkten erhältlich. 
9 Nur solange der Vorrat reicht. Keine Mitnahmegarantie, Abgabe in haushaltsüblichen Mengen.
Nur in den über die tegut... Kundenbetreuung (Telefon 0661 104567, Mo.–Fr. 8 bis 18 Uhr) zu erfragenden Märkten.
ab
9.99 €
19
a) Vorteile werden nicht gewährt für den Kauf von Tabakwaren, Verlagserzeugnissen, Handyguthaben, Geschenkgutscheinen, sonstigen Wertkarten, Tchibo-Artikeln, Lotterie-Produkten sowie auf Postdienstleistungen, Pfandbeträge und alle weiteren entsprechend gekennzeichneten Leistungen.
Deine
Exklusiven
Wochen-
Hits!
auf
Fior di Frutta
Bio-Frucht-
aufstrich
8
verschiedene
Sorten,
250 g Glas
BIO
30-fach
Punkte
Mit tebonus beim
Einkaufen sparen:
 Für je 2 € Einkauf a) erhältst du
einen tebonus Punkt.
 Mit exklusiven Aktionen
sammelst du zusätzlich Punkte.
Deine Punkte kannst du
ganz einfach beim
Bezahlen an der Kasse
eingelöst: Pro Punkt
sparst du einen Cent.
Du hast noch keine tebonus Karte?
Jetzt in der tebonus App oder unter
tegut.com/tebonus anmelden.
BIO
BIO
auf
demeter
Bio-Möhren bunt
aus den Niederlanden,
Klasse II, 750 g Packung
20-fach
Punkte
tegut...
Bio vegan
Bio-Tempeh
8
verschiedene Sorten,
200 g Packung
20-fach
Punkte
auf
das gesamte
Handl Tyrol
Sortiment
nur in SB erhältlich
20-fach
Punkte
auf alle
Bohnen
der Marke
Hellriegel
400 g Dose
30-fach
Punkte
auf
Pfanner fair!
Saft oder
Nektar
Fairtrade,
verschiedene Sorten,
1 l Packung
25-fach
Punkte
auf
Benediktiner Hell
6 x 0,33 l Fl./Pack;
zzgl. 0,48 € Pfand
1, 8
20-fach
Punkte
auf
das Sortiment
von Curaprox
und edel+white
8, 9
20
1 Keine Abgabe von alkoholischen Getränken an Personen unter 16 Jahren. 
8 Nicht in allen tegut… Märkten erhältlich. 
9 Nur solange der Vorrat reicht. Keine Mitnahmegarantie, Abgabe in haushaltsüblichen Mengen.
Nur in den über die tegut... Kundenbetreuung (Telefon 0661 104567, Mo.–Fr. 8 bis 18 Uhr) zu erfragenden Märkten.
30-fach
Punkte
Serviervorschlag KI-generiert
KW 05/2026 Für Druckfehler keine Haftung.
8 Nicht in allen tegut… Märkten erhältlich.
4 Portionen für
10 Euro
Hol dir den
Super Bowl
nach Hause!
Touchdown
Am 08.02.
homemade
cheeseburger
für 4 Portionen
Tillman's Hamburger 2.99
Brioche Buns 1.49
Salatherzen 0.99
Sandwichscheiben 1.99
Heinz Feinkostsauce 1.49
.......................................................
statt 11.45
nur 8.95
2.99 € 3,49
Tillman‘s
Hamburger
–14 %
tiefgefroren, 1 kg = 11,96 €,
4 Stück = 250 g Packung
Jaus Brioche Buns
1 kg = 4,97 €,
4 Stück = 300 g Packung
1.99 € 2,69
–26 %
0.99 €
Heinz
Feinkost-
sauce
verschiedene
Sorten, 1 l = 6,77 €,
220 ml Squeeze-
Flasche
1.49 € 2,29
–34 %
Bolo–Cheese–Fries
für 4 Portionen
Pommes Frites 1.99
Bolognese-Soße 2.99
Cheddar, gerieben 1.99
.......................................................
statt 8.97
nur 6.97
1.49 €
AKTION
Hochland
Sandwichscheiben
verschiedene Sorten,
45 – 50 % Fett i. Tr.,
1 kg = 13,27 €, 150 g Packung
1.99 €
AKTION
Salatherzen
aus Spanien, Klasse I,
2 Stück Packung
Kerrygold
geriebener Käse
8
Cheddar oder Pizzakäse,
40 – 50 % Fett i. Tr.,
1 kg = 13,27 €, 150 g Packung
2.99 € 3,49
–14 %
Foodies
Bolognese
Original oder
Salsiccia
8
1 kg = 7,48 €,
400 g Dose
1.99 €
AKTION
McCain
Air Fryer, Steakhouse
oder Deluxe Frites
8
tiefgefroren, 1 kg = 3,98/3,06/
3,32 €, 500/650/600 g Packung
Cappelletti
„Bella Italia“
für 4 Portionen
Cappelletti 2.49
Bio-Gouda, gerieben 2.29
Bio-Nudelsauce 2.49
.......................................................
statt 8.27
nur 7.27
2.49 €
tegut...
frische
AKTION
Tortelloni
oder Cappelletti
verschiedene Sorten,
1 kg = 8,30 €, 300 g Packung
BIO
2.29 €
tegut...
Bio zum
kleinen Preis
geriebener
Bio-Gouda
48 % Fett i. Tr.,
1 kg = 11,45 €,
200 g Packung
ET5
www.blauer-engel.de/uz195
Dieses Druckerzeugnis ist mit
dem Blauen Engel zertifiziert!
tegut… gute Lebensmittel GmbH & Co. KG
Gerloser Weg 72, 36039 Fulda DE-ÖKO-001
Alle Angebote, tolle Rezepte sowie alle Adressen und Öffnungszeiten der tegut… Märkte
findest du unter tegut.com. Bei Fragen und Anregungen wende dich gerne an unsere tegut…
Kunden betreuung unter Tel.: 0661 104 567 (von Mo. bis Fr. 08:00 bis 18:00 Uhr) oder per
E-Mail: info@tegut.com
PPURA
Bio-Nudelsauce
verschiedene Sorten,
1 kg = 7,32 €, 340 g Glas
BIO
2.49 € 2,99
–16 %